conditions,trade_id,price,size,time,exchange,tape,pct_change
"[' ', '4', 'B']",71757483298355,27.4258,200,2026-04-14 15:00:06.242675658-04:00,D,A,0.0
"[' ', 'I']",71757483299379,27.435,43,2026-04-14 15:00:06.417767389-04:00,D,A,0.0335450561150445
"[' ', 'I']",71757483299382,27.435,57,2026-04-14 15:00:06.419698070-04:00,D,A,0.0335450561150445
"[' ', 'I']",52983560491568,27.435,1,2026-04-14 15:00:08.999004114-04:00,N,A,0.0335450561150445
"[' ', 'I']",71757483429970,27.435,1,2026-04-14 15:00:09.086425171-04:00,D,A,0.0335450561150445
"[' ', 'I']",71757483563608,27.435,6,2026-04-14 15:00:11.138834833-04:00,D,A,0.0335450561150445
"[' ', 'I']",52983827618656,27.435,1,2026-04-14 15:00:14.570399517-04:00,V,A,0.0335450561150445
"[' ', 'I']",52983827618659,27.435,5,2026-04-14 15:00:14.570438609-04:00,V,A,0.0335450561150445
"[' ', 'I']",71757498366040,27.435,5,2026-04-14 15:00:25.668783937-04:00,D,A,0.0335450561150445
"[' ', 'I']",71757498634819,27.435,36,2026-04-14 15:00:31.015607889-04:00,D,A,0.0335450561150445
"[' ', 'I']",52983827741750,27.435,20,2026-04-14 15:00:33.594784543-04:00,V,A,0.0335450561150445
"[' ', 'I']",71675275071045,27.435,20,2026-04-14 15:00:34.368625728-04:00,D,A,0.0335450561150445
[' '],71757499282488,27.44,100,2026-04-14 15:00:34.384371196-04:00,D,A,0.051776064873230436
"[' ', 'I']",52983577589329,27.435,50,2026-04-14 15:00:34.556043845-04:00,P,A,0.0335450561150445
"[' ', 'I']",71757499286578,27.435,50,2026-04-14 15:00:34.559084007-04:00,D,A,0.0335450561150445
"[' ', 'I']",71757499486534,27.43,1,2026-04-14 15:00:38.099922904-04:00,D,A,0.015314047356871521
"[' ', 'I']",71757499680819,27.435,50,2026-04-14 15:00:40.779415383-04:00,D,A,0.0335450561150445
"[' ', 'I']",71757500204857,27.44,4,2026-04-14 15:00:49.275645837-04:00,D,A,0.051776064873230436
"[' ', 'I']",71757500274759,27.439,1,2026-04-14 15:00:51.007549171-04:00,D,A,0.04812986312159066
"[' ', 'I']",71757500274761,27.435,80,2026-04-14 15:00:51.009431612-04:00,D,A,0.0335450561150445
"[' ', 'I']",71757500598070,27.43,5,2026-04-14 15:00:56.205864606-04:00,D,A,0.015314047356871521
"[' ', 'I']",71757500798276,27.435,1,2026-04-14 15:01:00.599674859-04:00,D,A,0.0335450561150445
"[' ', 'I']",71757515077703,27.4376,84,2026-04-14 15:01:05.334214230-04:00,D,A,0.04302518066930015
"[' ', 'I']",71757515077704,27.44,5,2026-04-14 15:01:05.335215635-04:00,D,A,0.051776064873230436
"[' ', 'I']",71757515077705,27.435,1,2026-04-14 15:01:05.335423067-04:00,D,A,0.0335450561150445
[' '],71757515077706,27.435,145,2026-04-14 15:01:05.335456159-04:00,D,A,0.0335450561150445
"[' ', 'I']",71757515145801,27.436,19,2026-04-14 15:01:06.924297396-04:00,D,A,0.03719125786668428
"[' ', 'I']",71757515214401,27.435,1,2026-04-14 15:01:08.533073049-04:00,D,A,0.0335450561150445
"[' ', 'I']",71757515405140,27.4361,1,2026-04-14 15:01:11.737714480-04:00,D,A,0.03755587804184696
[' '],71757516395336,27.435,100,2026-04-14 15:01:22.937725676-04:00,D,A,0.0335450561150445
"[' ', 'I']",71757516395337,27.435,15,2026-04-14 15:01:22.939226270-04:00,D,A,0.0335450561150445
"[' ', 'I']",71757516587313,27.435,3,2026-04-14 15:01:26.479180996-04:00,D,A,0.0335450561150445
"[' ', 'I']",71757516589111,27.4399,18,2026-04-14 15:01:26.832973267-04:00,D,A,0.05141144469806776
"[' ', 'I']",71757516917840,27.4346,4,2026-04-14 15:01:33.576165188-04:00,D,A,0.03208657541439377
"[' ', 'I']",71757517312055,27.431,2,2026-04-14 15:01:41.250099605-04:00,D,A,0.018960249108511303
"[' ', 'F', 'I']",52983560550729,27.43,95,2026-04-14 15:01:45.699957366-04:00,N,A,0.015314047356871521
"[' ', 'F', 'I']",52983560550730,27.43,12,2026-04-14 15:01:45.699963333-04:00,N,A,0.015314047356871521
"[' ', 'F', 'I']",52983560550731,27.43,17,2026-04-14 15:01:45.699966353-04:00,N,A,0.015314047356871521
"[' ', 'F', 'I']",52983560550732,27.43,10,2026-04-14 15:01:45.699972339-04:00,N,A,0.015314047356871521
"[' ', 'F', 'I']",52983577593678,27.43,18,2026-04-14 15:01:45.699972339-04:00,P,A,0.015314047356871521
"[' ', 'F', 'I']",52983560550733,27.43,1,2026-04-14 15:01:45.699975415-04:00,N,A,0.015314047356871521
"[' ', 'F', 'I']",52983577593679,27.43,1,2026-04-14 15:01:45.699975415-04:00,P,A,0.015314047356871521
"[' ', 'F', 'I']",52983577593680,27.43,14,2026-04-14 15:01:45.699981372-04:00,P,A,0.015314047356871521
"[' ', 'F', 'I']",52983560550734,27.43,40,2026-04-14 15:01:45.699981372-04:00,N,A,0.015314047356871521
"[' ', 'F', 'I']",54302654224202,27.43,70,2026-04-14 15:01:45.700252467-04:00,U,A,0.015314047356871521
"[' ', 'F', 'I']",52983525618025,27.43,6,2026-04-14 15:01:45.700261124-04:00,K,A,0.015314047356871521
"[' ', 'F', 'I']",52983525961058,27.43,31,2026-04-14 15:01:45.700261124-04:00,Z,A,0.015314047356871521
"[' ', 'F']",52983525961059,27.43,100,2026-04-14 15:01:45.700264364-04:00,Z,A,0.015314047356871521
"[' ', 'F']",52983525961060,27.43,100,2026-04-14 15:01:45.700267065-04:00,Z,A,0.015314047356871521
"[' ', 'F', 'I']",52983525961061,27.43,1,2026-04-14 15:01:45.700270131-04:00,Z,A,0.015314047356871521
"[' ', 'F', 'I']",52983525961062,27.43,10,2026-04-14 15:01:45.700273097-04:00,Z,A,0.015314047356871521
"[' ', 'F', 'I']",52983525961063,27.43,2,2026-04-14 15:01:45.700288089-04:00,Z,A,0.015314047356871521
"[' ', 'F']",52983525961064,27.43,100,2026-04-14 15:01:45.700291292-04:00,Z,A,0.015314047356871521
"[' ', 'F', 'I']",52983525961065,27.43,31,2026-04-14 15:01:45.700297127-04:00,Z,A,0.015314047356871521
"[' ', 'F', 'I']",62883443071560,27.43,10,2026-04-14 15:01:45.700432767-04:00,T,A,0.015314047356871521
"[' ', 'F', 'I']",62883443071561,27.43,20,2026-04-14 15:01:45.700432767-04:00,T,A,0.015314047356871521
"[' ', 'F', 'I']",62883443071562,27.43,16,2026-04-14 15:01:45.700435489-04:00,T,A,0.015314047356871521
[' '],52983525961072,27.43,100,2026-04-14 15:01:47.730126121-04:00,Z,A,0.015314047356871521
"[' ', 'I']",52983560552759,27.43,68,2026-04-14 15:01:47.730234302-04:00,N,A,0.015314047356871521
[' '],71757517574980,27.43,100,2026-04-14 15:01:47.730607209-04:00,D,A,0.015314047356871521
"[' ', 'F', 'I']",52983577593931,27.44,10,2026-04-14 15:01:48.201816955-04:00,P,A,0.051776064873230436
"[' ', 'F', 'I']",52983577593932,27.44,19,2026-04-14 15:01:48.201832908-04:00,P,A,0.051776064873230436
"[' ', 'F', 'I']",52983560552760,27.44,20,2026-04-14 15:01:48.201832908-04:00,N,A,0.051776064873230436
"[' ', 'F', 'I']",52983560552761,27.44,9,2026-04-14 15:01:48.201839125-04:00,N,A,0.051776064873230436
"[' ', 'F', 'I']",52983577593933,27.44,1,2026-04-14 15:01:48.201839125-04:00,P,A,0.051776064873230436
"[' ', 'F', 'I']",52983577593934,27.44,16,2026-04-14 15:01:48.201839125-04:00,P,A,0.051776064873230436
"[' ', 'F', 'I']",52983577593935,27.44,1,2026-04-14 15:01:48.201841201-04:00,P,A,0.051776064873230436
"[' ', 'F', 'I']",52983560552769,27.44,70,2026-04-14 15:01:48.201844245-04:00,N,A,0.051776064873230436
"[' ', 'F', 'I']",52983577593936,27.44,42,2026-04-14 15:01:48.201844245-04:00,P,A,0.051776064873230436
"[' ', 'F', 'I']",52983577593937,27.44,2,2026-04-14 15:01:48.201849944-04:00,P,A,0.051776064873230436
"[' ', 'F']",52983560552770,27.44,100,2026-04-14 15:01:48.201849944-04:00,N,A,0.051776064873230436
"[' ', 'F']",52983560552771,27.44,100,2026-04-14 15:01:48.201853063-04:00,N,A,0.051776064873230436
"[' ', 'I']",52983525233478,27.44,3,2026-04-14 15:01:48.201856630-04:00,M,A,0.051776064873230436
"[' ', 'F', 'I']",52983577593938,27.44,35,2026-04-14 15:01:48.201856630-04:00,P,A,0.051776064873230436
"[' ', 'I']",52983525233479,27.44,45,2026-04-14 15:01:48.201860128-04:00,M,A,0.051776064873230436
"[' ', 'F', 'I']",52983577593939,27.44,20,2026-04-14 15:01:48.201860128-04:00,P,A,0.051776064873230436
"[' ', 'I']",52983525233480,27.44,1,2026-04-14 15:01:48.201865160-04:00,M,A,0.051776064873230436
"[' ', 'I']",52983525233481,27.44,3,2026-04-14 15:01:48.201865160-04:00,M,A,0.051776064873230436
"[' ', 'I']",52983525233482,27.44,3,2026-04-14 15:01:48.201868623-04:00,M,A,0.051776064873230436
"[' ', 'I']",52983525233483,27.44,35,2026-04-14 15:01:48.201871143-04:00,M,A,0.051776064873230436
"[' ', 'I']",52983525233484,27.44,6,2026-04-14 15:01:48.201874947-04:00,M,A,0.051776064873230436
"[' ', 'I']",52983525233485,27.44,25,2026-04-14 15:01:48.201874947-04:00,M,A,0.051776064873230436
"[' ', 'I']",52983525233486,27.44,2,2026-04-14 15:01:48.201874947-04:00,M,A,0.051776064873230436
"[' ', 'I']",52983525233487,27.44,4,2026-04-14 15:01:48.201880898-04:00,M,A,0.051776064873230436
"[' ', 'I']",52983525233488,27.44,1,2026-04-14 15:01:48.201880898-04:00,M,A,0.051776064873230436
"[' ', 'I']",52983525233489,27.44,45,2026-04-14 15:01:48.201880898-04:00,M,A,0.051776064873230436
"[' ', 'I']",52983525233490,27.44,47,2026-04-14 15:01:48.201880898-04:00,M,A,0.051776064873230436
"[' ', 'I']",52983525233493,27.44,41,2026-04-14 15:01:48.201886319-04:00,M,A,0.051776064873230436
"[' ', 'I']",52983525233491,27.44,5,2026-04-14 15:01:48.201886319-04:00,M,A,0.051776064873230436
"[' ', 'I']",52983525233492,27.44,4,2026-04-14 15:01:48.201886319-04:00,M,A,0.051776064873230436
[' '],52983560552772,27.44,100,2026-04-14 15:01:48.201889341-04:00,N,A,0.051776064873230436
[' '],52983525233494,27.44,100,2026-04-14 15:01:48.201892382-04:00,M,A,0.051776064873230436
"[' ', 'I']",62883443127915,27.44,5,2026-04-14 15:01:48.201895068-04:00,T,A,0.051776064873230436
[' '],62883443127916,27.44,100,2026-04-14 15:01:48.201898175-04:00,T,A,0.051776064873230436
[' '],62883443127917,27.44,100,2026-04-14 15:01:48.201898175-04:00,T,A,0.051776064873230436
"[' ', 'I']",62883443127918,27.44,2,2026-04-14 15:01:48.201901195-04:00,T,A,0.051776064873230436
"[' ', 'I']",62883443127919,27.44,8,2026-04-14 15:01:48.201901195-04:00,T,A,0.051776064873230436
[' '],52983525961077,27.44,100,2026-04-14 15:01:48.201904491-04:00,Z,A,0.051776064873230436
"[' ', 'I']",52983525961078,27.44,6,2026-04-14 15:01:48.201904491-04:00,Z,A,0.051776064873230436
"[' ', 'F']",52983525618036,27.44,500,2026-04-14 15:01:48.201907171-04:00,K,A,0.051776064873230436
"[' ', 'I']",52983525961079,27.44,17,2026-04-14 15:01:48.201910495-04:00,Z,A,0.051776064873230436
"[' ', 'F', 'I']",52983525166418,27.44,64,2026-04-14 15:01:48.201913460-04:00,J,A,0.051776064873230436
"[' ', 'F', 'I']",62883443128112,27.44,1,2026-04-14 15:01:48.201940227-04:00,T,A,0.051776064873230436
"[' ', 'F', 'I']",62883443128113,27.44,99,2026-04-14 15:01:48.201943214-04:00,T,A,0.051776064873230436
"[' ', 'F', 'I']",62883443128114,27.44,1,2026-04-14 15:01:48.201955280-04:00,T,A,0.051776064873230436
"[' ', 'F', 'I']",52983577593940,27.45,4,2026-04-14 15:01:48.202409364-04:00,P,A,0.0882380823895764
"[' ', 'F', 'I']",52983560552773,27.45,12,2026-04-14 15:01:48.202416274-04:00,N,A,0.0882380823895764
"[' ', 'F', 'I']",52983560552774,27.45,25,2026-04-14 15:01:48.202418336-04:00,N,A,0.0882380823895764
"[' ', 'F', 'I']",52983525233712,27.45,1,2026-04-14 15:01:48.202448692-04:00,M,A,0.0882380823895764
"[' ', 'I']",52983525233713,27.45,3,2026-04-14 15:01:48.202463610-04:00,M,A,0.0882380823895764
"[' ', 'I']",52983525233714,27.45,16,2026-04-14 15:01:48.202467306-04:00,M,A,0.0882380823895764
"[' ', 'I']",52983525233715,27.45,14,2026-04-14 15:01:48.202469431-04:00,M,A,0.0882380823895764
"[' ', 'I']",52983525233716,27.45,4,2026-04-14 15:01:48.202469431-04:00,M,A,0.0882380823895764
"[' ', 'I']",52983828079176,27.44,37,2026-04-14 15:01:48.202547655-04:00,V,A,0.051776064873230436
"[' ', 'I']",52983828079179,27.44,5,2026-04-14 15:01:48.202547655-04:00,V,A,0.051776064873230436
[' '],52983828079182,27.45,100,2026-04-14 15:01:48.203031783-04:00,V,A,0.0882380823895764
"[' ', 'I']",52983828079185,27.45,9,2026-04-14 15:01:48.203407764-04:00,V,A,0.0882380823895764
"[' ', 'I']",52983828079188,27.45,22,2026-04-14 15:01:48.203428815-04:00,V,A,0.0882380823895764
[' '],52983828079191,27.45,100,2026-04-14 15:01:48.203470813-04:00,V,A,0.0882380823895764
"[' ', 'I']",52983828079194,27.45,88,2026-04-14 15:01:48.203470813-04:00,V,A,0.0882380823895764
[' '],71757517632342,27.45,100,2026-04-14 15:01:48.203654258-04:00,D,A,0.0882380823895764
"[' ', 'I']",71757517632343,27.45,36,2026-04-14 15:01:48.203717481-04:00,D,A,0.0882380823895764
"[' ', 'I']",71757517632346,27.44,1,2026-04-14 15:01:48.204234673-04:00,D,A,0.051776064873230436
"[' ', 'I']",71757517632560,27.45,7,2026-04-14 15:01:48.204926635-04:00,D,A,0.0882380823895764
"[' ', 'I']",71757517632562,27.44,1,2026-04-14 15:01:48.206090153-04:00,D,A,0.051776064873230436
[' '],71757517632577,27.44,200,2026-04-14 15:01:48.211006860-04:00,D,A,0.051776064873230436
[' '],71757517632578,27.44,200,2026-04-14 15:01:48.212684735-04:00,D,A,0.051776064873230436
[' '],71757517632579,27.45,100,2026-04-14 15:01:48.215631829-04:00,D,A,0.0882380823895764
[' '],71757517632581,27.45,100,2026-04-14 15:01:48.219066032-04:00,D,A,0.0882380823895764
"[' ', 'I']",71757517632587,27.44,11,2026-04-14 15:01:48.225928247-04:00,D,A,0.051776064873230436
"[' ', 'I']",52983525961303,27.46,1,2026-04-14 15:01:58.556575941-04:00,Z,A,0.12470009990593531
"[' ', '4', 'B']",71757532122705,27.4322,100,2026-04-14 15:01:58.841404911-04:00,D,A,0.023335691210476444
"[' ', 'I']",71757532977235,27.44,6,2026-04-14 15:02:05.557207572-04:00,D,A,0.051776064873230436
"[' ', 'I']",71757533107265,27.46,25,2026-04-14 15:02:07.603603064-04:00,D,A,0.12470009990593531
"[' ', 'I']",71757533163585,27.46,24,2026-04-14 15:02:07.913147875-04:00,D,A,0.12470009990593531
"[' ', 'I']",52983560553778,27.46,9,2026-04-14 15:02:08.221592157-04:00,N,A,0.12470009990593531
"[' ', 'I']",52983560553779,27.46,42,2026-04-14 15:02:08.221592157-04:00,N,A,0.12470009990593531
"[' ', 'I']",52983560553780,27.46,4,2026-04-14 15:02:08.221598063-04:00,N,A,0.12470009990593531
"[' ', 'F', 'I']",52983560553781,27.46,47,2026-04-14 15:02:08.221649209-04:00,N,A,0.12470009990593531
"[' ', 'F', 'I']",52983560553782,27.46,51,2026-04-14 15:02:08.221655570-04:00,N,A,0.12470009990593531
"[' ', 'F', 'I']",52983525233717,27.46,4,2026-04-14 15:02:08.221658313-04:00,M,A,0.12470009990593531
"[' ', 'F', 'I']",52983525233718,27.46,6,2026-04-14 15:02:08.221661539-04:00,M,A,0.12470009990593531
"[' ', 'F', 'I']",52983525233719,27.46,12,2026-04-14 15:02:08.221661539-04:00,M,A,0.12470009990593531
"[' ', 'F', 'I']",52983525233720,27.46,3,2026-04-14 15:02:08.221664449-04:00,M,A,0.12470009990593531
"[' ', 'F', 'I']",52983577595960,27.46,4,2026-04-14 15:02:08.221667274-04:00,P,A,0.12470009990593531
"[' ', 'F', 'I']",52983577595961,27.46,72,2026-04-14 15:02:08.221673995-04:00,P,A,0.12470009990593531
"[' ', 'F', 'I']",52983577595969,27.46,16,2026-04-14 15:02:08.221676303-04:00,P,A,0.12470009990593531
"[' ', 'I']",62883443468614,27.46,27,2026-04-14 15:02:08.221826687-04:00,T,A,0.12470009990593531
[' '],71757533167951,27.46,200,2026-04-14 15:02:08.225705855-04:00,D,A,0.12470009990593531
[' '],71757533168203,27.45,183,2026-04-14 15:02:08.254421252-04:00,D,A,0.0882380823895764
"[' ', 'I']",71757533230648,27.445,2,2026-04-14 15:02:09.255441093-04:00,D,A,0.07000707363140342
"[' ', 'I']",71757533301325,27.4337,34,2026-04-14 15:02:10.859269896-04:00,D,A,0.028804993837929633
"[' ', '4', 'B']",71757533302359,27.4337,100,2026-04-14 15:02:10.964884408-04:00,D,A,0.028804993837929633
"[' ', 'I']",71757533305167,27.4412,68,2026-04-14 15:02:11.143052423-04:00,D,A,0.056151506975182626
"[' ', 'I']",71757533499443,27.4412,80,2026-04-14 15:02:14.573988673-04:00,D,A,0.056151506975182626
"[' ', 'I']",71757533500724,27.4412,1,2026-04-14 15:02:14.779645275-04:00,D,A,0.056151506975182626
"[' ', 'F', 'I']",52983560554035,27.47,49,2026-04-14 15:02:15.279615483-04:00,N,A,0.1611621174222813
"[' ', 'F', 'I']",52983560554034,27.47,51,2026-04-14 15:02:15.279615483-04:00,N,A,0.1611621174222813
"[' ', 'F', 'I']",62883443533901,27.47,25,2026-04-14 15:02:15.280192756-04:00,T,A,0.1611621174222813
"[' ', 'F', 'I']",62883443533902,27.47,47,2026-04-14 15:02:15.280195720-04:00,T,A,0.1611621174222813
"[' ', 'F', 'I']",52983525233721,27.47,4,2026-04-14 15:02:15.280219839-04:00,M,A,0.1611621174222813
"[' ', 'F', 'I']",52983525233729,27.47,4,2026-04-14 15:02:15.280219839-04:00,M,A,0.1611621174222813
"[' ', 'F', 'I']",52983577596226,27.47,4,2026-04-14 15:02:15.280222894-04:00,P,A,0.1611621174222813
"[' ', 'F', 'I']",52983560554036,27.47,12,2026-04-14 15:02:15.280232031-04:00,N,A,0.1611621174222813
"[' ', 'F', 'I']",52983560554037,27.47,2,2026-04-14 15:02:15.280234804-04:00,N,A,0.1611621174222813
"[' ', 'I']",71757533558580,27.46,50,2026-04-14 15:02:15.288979726-04:00,D,A,0.12470009990593531
"[' ', 'I']",71757533565520,27.4431,12,2026-04-14 15:02:16.048100801-04:00,D,A,0.06307929030329949
[' '],71757533629234,27.46,300,2026-04-14 15:02:17.032427927-04:00,D,A,0.12470009990593531
"[' ', 'I']",71757533758042,27.4351,1,2026-04-14 15:02:19.394803494-04:00,D,A,0.033909676290207184
[' '],71757533891927,27.46,100,2026-04-14 15:02:22.373956217-04:00,D,A,0.12470009990593531
[' '],52983828276787,27.46,130,2026-04-14 15:02:22.441078922-04:00,V,A,0.12470009990593531
"[' ', 'I']",71757533958216,27.4448,1,2026-04-14 15:02:24.020011611-04:00,D,A,0.06927783328107806
"[' ', '4', 'I']",71761122046786,27.4448,5,2026-04-14 15:02:34.390290574-04:00,D,A,0.06927783328107806
"[' ', 'I']",71761122575685,27.4448,43,2026-04-14 15:02:45.709490458-04:00,D,A,0.06927783328107806
"[' ', 'I']",71761123227460,27.46,13,2026-04-14 15:02:49.517052206-04:00,D,A,0.12470009990593531
"[' ', 'F', 'I']",52983560556339,27.48,9,2026-04-14 15:02:51.499233523-04:00,N,A,0.19762413493864017
"[' ', 'F', 'I']",52983560556340,27.48,42,2026-04-14 15:02:51.499236225-04:00,N,A,0.19762413493864017
"[' ', 'F', 'I']",52983560556341,27.48,49,2026-04-14 15:02:51.499238791-04:00,N,A,0.19762413493864017
"[' ', 'F', 'I']",52983560556342,27.48,1,2026-04-14 15:02:51.499289836-04:00,N,A,0.19762413493864017
"[' ', 'I']",71761123758917,27.4449,16,2026-04-14 15:03:00.602854686-04:00,D,A,0.06964245345624073
"[' ', 'I']",71761124013108,27.4788,1,2026-04-14 15:03:04.343483024-04:00,D,A,0.19324869283667503
"[' ', 'B']",71761124013653,27.4412,100,2026-04-14 15:03:04.431454436-04:00,D,A,0.056151506975182626
"[' ', 'I']",71761124152626,27.48,5,2026-04-14 15:03:08.002918052-04:00,D,A,0.19762413493864017
"[' ', 'I']",71761124345921,27.46,6,2026-04-14 15:03:11.531538780-04:00,D,A,0.12470009990593531
"[' ', 'I']",71761124608854,27.4614,4,2026-04-14 15:03:16.904579008-04:00,D,A,0.12980478235822582
"[' ', 'I']",71761124739914,27.46,73,2026-04-14 15:03:19.600517566-04:00,D,A,0.12470009990593531
"[' ', 'I']",71761124739916,27.46,2,2026-04-14 15:03:19.601609230-04:00,D,A,0.12470009990593531
"[' ', 'I']",71761124739918,27.46,13,2026-04-14 15:03:19.601792628-04:00,D,A,0.12470009990593531
[' '],71761124739919,27.46,100,2026-04-14 15:03:19.601840744-04:00,D,A,0.12470009990593531
"[' ', 'I']",71761124741713,27.46,43,2026-04-14 15:03:19.854863119-04:00,D,A,0.12470009990593531
"[' ', '4', 'B']",71761138890054,27.4369,100,2026-04-14 15:03:23.037639508-04:00,D,A,0.04047283944316138
"[' ', 'I']",71761138894670,27.4587,12,2026-04-14 15:03:23.447500196-04:00,D,A,0.1199600376288075
"[' ', 'I']",71761138894671,27.4629,34,2026-04-14 15:03:23.447560381-04:00,D,A,0.135274084985679
"[' ', 'I']",71761138961235,27.4461,82,2026-04-14 15:03:24.939664235-04:00,D,A,0.07401789555820587
[' '],71761139025483,27.46,100,2026-04-14 15:03:26.174788433-04:00,D,A,0.12470009990593531
[' '],71761139025484,27.46,200,2026-04-14 15:03:26.174956788-04:00,D,A,0.12470009990593531
[' '],71761139025494,27.46,100,2026-04-14 15:03:26.194082372-04:00,D,A,0.12470009990593531
[' '],71761139025495,27.46,100,2026-04-14 15:03:26.194178514-04:00,D,A,0.12470009990593531
"[' ', 'I']",71761139026518,27.46,1,2026-04-14 15:03:26.371543779-04:00,D,A,0.12470009990593531
"[' ', 'I']",71761139029571,27.46,4,2026-04-14 15:03:26.828857364-04:00,D,A,0.12470009990593531
"[' ', 'I']",71761139222065,27.46,2,2026-04-14 15:03:30.506939804-04:00,D,A,0.12470009990593531
"[' ', 'F', 'I']",52983560613936,27.48,50,2026-04-14 15:03:33.835134098-04:00,N,A,0.19762413493864017
"[' ', 'F', 'I']",52983560613937,27.48,21,2026-04-14 15:03:33.835136840-04:00,N,A,0.19762413493864017
"[' ', 'F', 'I']",52983560613938,27.48,29,2026-04-14 15:03:33.835139573-04:00,N,A,0.19762413493864017
"[' ', 'F', 'I']",52983560613940,27.48,1,2026-04-14 15:03:35.960923848-04:00,N,A,0.19762413493864017
"[' ', 'I']",71761140270419,27.4477,2,2026-04-14 15:03:43.066075240-04:00,D,A,0.07985181836082175
"[' ', 'I']",71761140336456,27.4619,1,2026-04-14 15:03:44.595473831-04:00,D,A,0.13162788323403923
"[' ', 'I']",71761140863029,27.4442,44,2026-04-14 15:03:56.116231498-04:00,D,A,0.067090112230089
"[' ', 'I']",71761140863045,27.473,20,2026-04-14 15:03:56.121936122-04:00,D,A,0.17210072267718765
"[' ', 'I']",71761140921655,27.4785,25,2026-04-14 15:03:56.710271647-04:00,D,A,0.19215483231118702
"[' ', '4', 'B']",71761140930113,27.4388,100,2026-04-14 15:03:57.872493254-04:00,D,A,0.0474006227712653
"[' ', 'I']",71761141321521,27.4594,2,2026-04-14 15:04:05.563815102-04:00,D,A,0.12251237885494627
"[' ', 'I']",52983828796979,27.48,31,2026-04-14 15:04:11.845137463-04:00,V,A,0.19762413493864017
"[' ', 'I']",71761155605071,27.46,5,2026-04-14 15:04:11.845624681-04:00,D,A,0.12470009990593531
"[' ', 'F', 'I']",52983525233736,27.48,16,2026-04-14 15:04:12.847579920-04:00,M,A,0.19762413493864017
"[' ', 'F', 'I']",52983525233737,27.48,84,2026-04-14 15:04:12.847579920-04:00,M,A,0.19762413493864017
[' '],71761156196659,27.465,100,2026-04-14 15:04:23.535339633-04:00,D,A,0.1429311086641083
"[' ', 'I']",71761156196949,27.465,35,2026-04-14 15:04:23.602838270-04:00,D,A,0.1429311086641083
"[' ', 'I']",71761156196950,27.465,65,2026-04-14 15:04:23.603051762-04:00,D,A,0.1429311086641083
[' '],71761156196951,27.465,100,2026-04-14 15:04:23.603382586-04:00,D,A,0.1429311086641083
[' '],52983828865084,27.47,100,2026-04-14 15:04:24.196289016-04:00,V,A,0.1611621174222813
"[' ', 'I']",71761157049670,27.47,8,2026-04-14 15:04:31.261625720-04:00,D,A,0.1611621174222813
"[' ', 'I']",71761157173834,27.48,1,2026-04-14 15:04:33.016449980-04:00,D,A,0.19762413493864017
"[' ', 'I']",71761157244465,27.4641,81,2026-04-14 15:04:34.443202328-04:00,D,A,0.1396495270876312
"[' ', 'I']",71761157435726,27.4501,1,2026-04-14 15:04:37.465781466-04:00,D,A,0.08860270256473908
"[' ', 'I']",71761158157111,27.45,2,2026-04-14 15:04:52.471471986-04:00,D,A,0.0882380823895764
"[' ', 'I']",71761158157112,27.45,1,2026-04-14 15:04:52.471520148-04:00,D,A,0.0882380823895764
[' '],52983525964344,27.47,100,2026-04-14 15:04:53.678404036-04:00,Z,A,0.1611621174222813
"[' ', 'I']",71761158231349,27.47,37,2026-04-14 15:04:55.003553498-04:00,D,A,0.1611621174222813
"[' ', 'I']",52983829052524,27.47,50,2026-04-14 15:04:55.053917404-04:00,V,A,0.1611621174222813
"[' ', 'I']",71761172378929,27.49,5,2026-04-14 15:04:58.174692325-04:00,D,A,0.23408615245498615
"[' ', 'I']",71761172378932,27.47,2,2026-04-14 15:04:58.175898090-04:00,D,A,0.1611621174222813
"[' ', 'I']",71761172379480,27.47,60,2026-04-14 15:04:58.304517282-04:00,D,A,0.1611621174222813
"[' ', '4', 'I']",71761172379481,27.4485,70,2026-04-14 15:04:58.310441366-04:00,D,A,0.08276877976212321
"[' ', '4', 'I']",71761172450138,27.4487,1,2026-04-14 15:05:00.053231087-04:00,D,A,0.08349802011244858
"[' ', 'I']",71761172518228,27.4692,2,2026-04-14 15:05:01.090261710-04:00,D,A,0.15824515602097983
"[' ', 'I']",71761172518231,27.4692,2,2026-04-14 15:05:01.092604344-04:00,D,A,0.15824515602097983
"[' ', 'I']",71761172518234,27.4692,1,2026-04-14 15:05:01.093689814-04:00,D,A,0.15824515602097983
"[' ', 'I']",71761172580174,27.4687,2,2026-04-14 15:05:01.763314914-04:00,D,A,0.15642205514515345
"[' ', 'I']",52983829114958,27.48,22,2026-04-14 15:05:05.264955445-04:00,V,A,0.19762413493864017
"[' ', 'I']",71761173502034,27.46,2,2026-04-14 15:05:09.637926181-04:00,D,A,0.12470009990593531
"[' ', 'I']",71761173557817,27.48,30,2026-04-14 15:05:09.810570184-04:00,D,A,0.19762413493864017
"[' ', 'I']",71761173558096,27.49,70,2026-04-14 15:05:09.861523360-04:00,D,A,0.23408615245498615
[' '],71761173893464,27.47,120,2026-04-14 15:05:16.965589400-04:00,D,A,0.1611621174222813
"[' ', 'I']",62883458401353,27.48,2,2026-04-14 15:05:28.626637215-04:00,T,A,0.19762413493864017
"[' ', 'I']",62883458401354,27.48,22,2026-04-14 15:05:28.626637215-04:00,T,A,0.19762413493864017
"[' ', 'I']",62883458402410,27.48,2,2026-04-14 15:05:28.911818083-04:00,T,A,0.19762413493864017
"[' ', 'I']",62883458402411,27.48,4,2026-04-14 15:05:28.911821061-04:00,T,A,0.19762413493864017
"[' ', 'I']",52983829193336,27.48,3,2026-04-14 15:05:28.912130890-04:00,V,A,0.19762413493864017
"[' ', 'I']",71761174676035,27.475,4,2026-04-14 15:05:32.759402150-04:00,D,A,0.1793931261804672
"[' ', 'I']",52983525233739,27.49,4,2026-04-14 15:05:35.512976002-04:00,M,A,0.23408615245498615
[' '],52983525233740,27.49,100,2026-04-14 15:05:35.512979029-04:00,M,A,0.23408615245498615
"[' ', 'I']",52983525233741,27.49,1,2026-04-14 15:05:35.512981945-04:00,M,A,0.23408615245498615
"[' ', 'F', 'I']",62883458471775,27.49,1,2026-04-14 15:05:35.513036782-04:00,T,A,0.23408615245498615
"[' ', 'F', 'I']",62883458471776,27.49,99,2026-04-14 15:05:35.513039070-04:00,T,A,0.23408615245498615
"[' ', 'F', 'I']",62883458471777,27.49,1,2026-04-14 15:05:35.513081284-04:00,T,A,0.23408615245498615
"[' ', 'F', 'I']",52983525166932,27.49,68,2026-04-14 15:05:35.513141971-04:00,J,A,0.23408615245498615
"[' ', 'I']",52983560620086,27.48,25,2026-04-14 15:05:35.760062147-04:00,N,A,0.19762413493864017
"[' ', 'I']",52983560620087,27.48,60,2026-04-14 15:05:35.760065168-04:00,N,A,0.19762413493864017
"[' ', 'I']",71761174938928,27.48,20,2026-04-14 15:05:37.020551743-04:00,D,A,0.19762413493864017
"[' ', 'I']",52983526011512,27.48,2,2026-04-14 15:05:38.591416184-04:00,Z,A,0.19762413493864017
"[' ', 'I']",71761175131202,27.4446,7,2026-04-14 15:05:40.030368556-04:00,D,A,0.06854859293075269
"[' ', 'I']",71761189288275,27.4446,15,2026-04-14 15:05:43.145631361-04:00,D,A,0.06854859293075269
"[' ', 'I']",71761189360455,27.474,84,2026-04-14 15:05:44.600284152-04:00,D,A,0.17574692442882742
"[' ', 'I']",71761189360460,27.47,49,2026-04-14 15:05:44.603793474-04:00,D,A,0.1611621174222813
"[' ', 'I']",71761189493325,27.49,1,2026-04-14 15:05:47.303015903-04:00,D,A,0.23408615245498615
"[' ', 'I']",71761190471748,27.4746,2,2026-04-14 15:05:56.117998655-04:00,D,A,0.17793464547980353
[' '],71761190605898,27.5,100,2026-04-14 15:05:59.013308831-04:00,D,A,0.27054816997134506
[' '],71761190607425,27.4633,421,2026-04-14 15:05:59.205255869-04:00,D,A,0.13673256568632974
"[' ', 'I']",71761190728244,27.48,1,2026-04-14 15:06:00.607024714-04:00,D,A,0.19762413493864017
"[' ', 'I']",71761190800458,27.4679,95,2026-04-14 15:06:02.558312735-04:00,D,A,0.153505093743852
"[' ', 'I']",52983625960277,27.4933,1,2026-04-14 15:06:10.813464864-04:00,D,A,0.24611861823539355
[' '],71761191849798,27.5,100,2026-04-14 15:06:21.927351320-04:00,D,A,0.27054816997134506
"[' ', 'I']",71761191849800,27.5,7,2026-04-14 15:06:21.928400881-04:00,D,A,0.27054816997134506
"[' ', 'I']",71761191849805,27.48,2,2026-04-14 15:06:21.930851767-04:00,D,A,0.19762413493864017
"[' ', 'I']",71761191849812,27.4848,2,2026-04-14 15:06:21.935840535-04:00,D,A,0.2151259033464878
"[' ', 'I']",71761206070081,27.4985,1,2026-04-14 15:06:25.777506538-04:00,D,A,0.26507886734389186
"[' ', '4', 'I']",71761206070082,27.4985,1,2026-04-14 15:06:25.777870494-04:00,D,A,0.26507886734389186
[' '],71761206400075,27.5,100,2026-04-14 15:06:33.577401955-04:00,D,A,0.27054816997134506
"[' ', '4', 'I']",71761207572567,27.4775,5,2026-04-14 15:06:48.723938912-04:00,D,A,0.18850863055954722
"[' ', 'I']",71761207774292,27.4783,83,2026-04-14 15:06:53.691746597-04:00,D,A,0.19142559196086165
[' '],71761208169012,27.5,100,2026-04-14 15:07:00.876852529-04:00,D,A,0.27054816997134506
"[' ', 'I']",71761208169014,27.48,2,2026-04-14 15:07:00.877932124-04:00,D,A,0.19762413493864017
"[' ', 'I']",71761208357936,27.48,4,2026-04-14 15:07:03.815895824-04:00,D,A,0.19762413493864017
"[' ', 'I']",52983829720645,27.5,3,2026-04-14 15:07:12.322650820-04:00,V,A,0.27054816997134506
"[' ', '4', 'B']",71761222980948,27.4495,100,2026-04-14 15:07:17.622749621-04:00,D,A,0.08641498151376298
"[' ', 'I']",71675275199541,27.48,20,2026-04-14 15:07:24.326027573-04:00,D,A,0.19762413493864017
"[' ', 'I']",71761223308882,27.48,1,2026-04-14 15:07:24.327245447-04:00,D,A,0.19762413493864017
"[' ', 'I']",71761223825201,27.47,6,2026-04-14 15:07:24.702701236-04:00,D,A,0.1611621174222813
"[' ', 'F', 'I']",52983560680244,27.48,1,2026-04-14 15:07:25.591250419-04:00,N,A,0.19762413493864017
"[' ', 'F', 'I']",52983560680245,27.47,3,2026-04-14 15:07:25.591250419-04:00,N,A,0.1611621174222813
"[' ', 'I']",71761223833665,27.4496,1,2026-04-14 15:07:25.890234173-04:00,D,A,0.08677960168892566
[' '],52983829835893,27.48,101,2026-04-14 15:07:28.685890138-04:00,V,A,0.19762413493864017
[' '],52983829836080,27.48,100,2026-04-14 15:07:28.687847736-04:00,V,A,0.19762413493864017
"[' ', 'I']",71761224025429,27.4872,1,2026-04-14 15:07:29.639484053-04:00,D,A,0.2238767875504181
[' '],71761224225096,27.4812,250,2026-04-14 15:07:34.365260610-04:00,D,A,0.20199957704060534
"[' ', 'I']",71761224227142,27.4508,11,2026-04-14 15:07:34.573464278-04:00,D,A,0.09115504379089082
"[' ', 'I']",71761224348982,27.4601,23,2026-04-14 15:07:35.870611140-04:00,D,A,0.125064720081098
"[' ', 'I']",71761224349505,27.5,3,2026-04-14 15:07:35.941122987-04:00,D,A,0.27054816997134506
"[' ', 'F', 'I']",52983560681041,27.49,4,2026-04-14 15:07:39.976032032-04:00,N,A,0.23408615245498615
"[' ', 'I']",71761224552783,27.5,96,2026-04-14 15:07:40.150044152-04:00,D,A,0.27054816997134506
"[' ', 'I']",52983626028595,27.48,1,2026-04-14 15:07:41.553915023-04:00,D,A,0.19762413493864017
"[' ', 'I']",71761224617537,27.48,20,2026-04-14 15:07:41.631905712-04:00,D,A,0.19762413493864017
"[' ', 'I']",71761224685127,27.48,70,2026-04-14 15:07:43.338597453-04:00,D,A,0.19762413493864017
"[' ', 'I']",71761224685390,27.5,1,2026-04-14 15:07:43.376358315-04:00,D,A,0.27054816997134506
"[' ', 'I']",71761224743001,27.48,6,2026-04-14 15:07:43.839208120-04:00,D,A,0.19762413493864017
"[' ', 'I']",71761224873556,27.4738,46,2026-04-14 15:07:46.331685390-04:00,D,A,0.17501768407850207
"[' ', 'I']",71761224881209,27.4806,2,2026-04-14 15:07:47.305409299-04:00,D,A,0.1998118559896163
"[' ', 'I']",71761225135169,27.4832,3,2026-04-14 15:07:52.065744321-04:00,D,A,0.20929198054387196
"[' ', 'I']",71761239625793,27.4862,85,2026-04-14 15:08:03.563010193-04:00,D,A,0.2202305857987783
"[' ', 'I']",71761240011847,27.48,1,2026-04-14 15:08:10.161933842-04:00,D,A,0.19762413493864017
"[' ', 'I']",52983560683853,27.48,1,2026-04-14 15:08:10.782039967-04:00,N,A,0.19762413493864017
"[' ', 'I']",71761240805966,27.48,16,2026-04-14 15:08:18.027592846-04:00,D,A,0.19762413493864017
"[' ', 'I']",71761241197368,27.48,1,2026-04-14 15:08:26.110470871-04:00,D,A,0.19762413493864017
"[' ', 'F', 'I']",62883460436786,27.5,4,2026-04-14 15:08:27.493881075-04:00,T,A,0.27054816997134506
"[' ', 'I']",71761241326931,27.5,96,2026-04-14 15:08:27.676087738-04:00,D,A,0.27054816997134506
"[' ', 'B']",71761241592897,27.4746,200,2026-04-14 15:08:33.917162569-04:00,D,A,0.17793464547980353
"[' ', 'I']",52983830113135,27.48,70,2026-04-14 15:08:35.214748375-04:00,V,A,0.19762413493864017
"[' ', 'I']",71761241657166,27.48,70,2026-04-14 15:08:35.215551333-04:00,D,A,0.19762413493864017
"[' ', 'I']",71761241724467,27.48,1,2026-04-14 15:08:36.859182974-04:00,D,A,0.19762413493864017
"[' ', '4', 'B']",71761242182704,27.4528,100,2026-04-14 15:08:47.325140857-04:00,D,A,0.09844744729415741
"[' ', 'I']",71761256462131,27.48,5,2026-04-14 15:08:53.588985833-04:00,D,A,0.19762413493864017
"[' ', 'I']",71761256462137,27.48,1,2026-04-14 15:08:53.590221827-04:00,D,A,0.19762413493864017
"[' ', '4', 'B']",71761256525876,27.4872,100,2026-04-14 15:08:54.571743191-04:00,D,A,0.2238767875504181
"[' ', 'I']",71761256532304,27.48,1,2026-04-14 15:08:55.314400063-04:00,D,A,0.19762413493864017
"[' ', 'F', 'I']",62883460760674,27.5,1,2026-04-14 15:09:02.803466559-04:00,T,A,0.27054816997134506
"[' ', 'F', 'I']",62883460760675,27.5,99,2026-04-14 15:09:02.803469468-04:00,T,A,0.27054816997134506
"[' ', '4', 'B']",71761257574479,27.4543,100,2026-04-14 15:09:05.798238484-04:00,D,A,0.10391674992161061
"[' ', 'I']",71761257646643,27.47,1,2026-04-14 15:09:07.490718433-04:00,D,A,0.1611621174222813
"[' ', 'I']",71761257773130,27.4601,12,2026-04-14 15:09:09.365684665-04:00,D,A,0.125064720081098
"[' ', 'I']",71761257845073,27.48,4,2026-04-14 15:09:11.064299226-04:00,D,A,0.19762413493864017
"[' ', 'I']",71761257902936,27.47,2,2026-04-14 15:09:11.539691898-04:00,D,A,0.1611621174222813
"[' ', '4', 'I']",71761257902937,27.47,1,2026-04-14 15:09:11.540100845-04:00,D,A,0.1611621174222813
"[' ', 'I']",71761257910348,27.4844,83,2026-04-14 15:09:12.325513586-04:00,D,A,0.2136674226458371
"[' ', 'I']",71675275203395,27.48,20,2026-04-14 15:09:25.060934653-04:00,D,A,0.19762413493864017
"[' ', 'I']",71761258961479,27.4999,5,2026-04-14 15:09:30.236552086-04:00,D,A,0.27018354979618237
"[' ', 'I']",71761258961480,27.48,5,2026-04-14 15:09:30.237577459-04:00,D,A,0.19762413493864017
"[' ', 'I']",71761258961481,27.48,1,2026-04-14 15:09:30.237773041-04:00,D,A,0.19762413493864017
"[' ', 'I']",71761259021910,27.48,1,2026-04-14 15:09:30.672869739-04:00,D,A,0.19762413493864017
"[' ', 'I']",71761273178202,27.48,73,2026-04-14 15:09:34.160253351-04:00,D,A,0.19762413493864017
"[' ', 'I']",71761273504074,27.48,9,2026-04-14 15:09:40.011224359-04:00,D,A,0.19762413493864017
"[' ', 'I']",71761273570617,27.4788,33,2026-04-14 15:09:40.637224618-04:00,D,A,0.19324869283667503
"[' ', 'I']",71761274161998,27.4861,1,2026-04-14 15:09:43.303656913-04:00,D,A,0.21986596562361566
"[' ', 'F', 'I']",62883461283142,27.5,96,2026-04-14 15:09:45.815855227-04:00,T,A,0.27054816997134506
"[' ', 'F', 'I']",62883461283143,27.5,1,2026-04-14 15:09:45.815858273-04:00,T,A,0.27054816997134506
"[' ', 'F', 'I']",62883461283144,27.5,3,2026-04-14 15:09:45.815858273-04:00,T,A,0.27054816997134506
"[' ', '4', 'B']",71761274353473,27.4576,100,2026-04-14 15:09:46.861456204-04:00,D,A,0.11594921570200502
"[' ', 'F']",52983526015320,27.5,100,2026-04-14 15:09:50.110363122-04:00,Z,A,0.27054816997134506
"[' ', 'I']",71761274489937,27.495,73,2026-04-14 15:09:50.111220214-04:00,D,A,0.2523171612131721
[' '],71761274620235,27.51,104,2026-04-14 15:09:52.715136726-04:00,D,A,0.307010187487704
"[' ', 'I']",71761274681138,27.492,2,2026-04-14 15:09:53.571247732-04:00,D,A,0.2413785559582657
"[' ', 'I']",71761274688313,27.478,2,2026-04-14 15:09:54.052546376-04:00,D,A,0.19033173143537357
[' '],71761274688336,27.495,771,2026-04-14 15:09:54.063411260-04:00,D,A,0.2523171612131721
"[' ', 'I']",71761274688596,27.495,64,2026-04-14 15:09:54.105935467-04:00,D,A,0.2523171612131721
"[' ', 'I']",71761274688600,27.495,24,2026-04-14 15:09:54.110605552-04:00,D,A,0.2523171612131721
"[' ', 'I']",71761274688853,27.495,4,2026-04-14 15:09:54.128359856-04:00,D,A,0.2523171612131721
"[' ', 'I']",71761274689080,27.495,4,2026-04-14 15:09:54.137525667-04:00,D,A,0.2523171612131721
"[' ', 'I']",71761274689093,27.495,32,2026-04-14 15:09:54.141747767-04:00,D,A,0.2523171612131721
"[' ', 'I']",71761274689332,27.495,8,2026-04-14 15:09:54.156762465-04:00,D,A,0.2523171612131721
"[' ', 'I']",71761274689361,27.495,3,2026-04-14 15:09:54.166277116-04:00,D,A,0.2523171612131721
"[' ', 'F', 'I']",52983525111160,27.48,2,2026-04-14 15:09:54.410876421-04:00,Y,A,0.19762413493864017
"[' ', 'I']",71761274747215,27.495,2,2026-04-14 15:09:54.415396175-04:00,D,A,0.2523171612131721
"[' ', 'I']",71761275271253,27.4937,2,2026-04-14 15:10:01.822583694-04:00,D,A,0.24757709893604424
"[' ', 'I']",62883461485153,27.49,3,2026-04-14 15:10:02.379250827-04:00,T,A,0.23408615245498615
"[' ', 'I']",52983525111349,27.48,33,2026-04-14 15:10:02.383196205-04:00,Y,A,0.19762413493864017
"[' ', 'I']",52983560687950,27.48,53,2026-04-14 15:10:02.383211320-04:00,N,A,0.19762413493864017
"[' ', 'I']",62883461485155,27.49,14,2026-04-14 15:10:02.383563047-04:00,T,A,0.23408615245498615
"[' ', 'I']",71761275536202,27.4617,11,2026-04-14 15:10:04.843126974-04:00,D,A,0.1308986428837139
"[' ', 'I']",71761275799366,27.495,1,2026-04-14 15:10:09.099600367-04:00,D,A,0.2523171612131721
"[' ', 'I']",62883461610092,27.49,8,2026-04-14 15:10:09.596572480-04:00,T,A,0.23408615245498615
"[' ', '4', 'B']",71761407522356,27.4619,100,2026-04-14 15:10:14.137014816-04:00,D,A,0.13162788323403923
"[' ', 'I']",71761407850322,27.495,70,2026-04-14 15:10:20.086034230-04:00,D,A,0.2523171612131721
"[' ', 'I']",71761407854665,27.4789,8,2026-04-14 15:10:20.365026307-04:00,D,A,0.19361331301183773
"[' ', 'I']",71761408574278,27.495,30,2026-04-14 15:10:24.028082192-04:00,D,A,0.2523171612131721
"[' ', 'I']",71761408574286,27.495,56,2026-04-14 15:10:24.030030727-04:00,D,A,0.2523171612131721
"[' ', 'I']",71761408707417,27.4931,90,2026-04-14 15:10:26.113444299-04:00,D,A,0.24538937788505522
[' '],71761408774481,27.495,220,2026-04-14 15:10:27.139267195-04:00,D,A,0.2523171612131721
"[' ', 'I']",52983830704694,27.49,74,2026-04-14 15:10:27.148926249-04:00,V,A,0.23408615245498615
"[' ', 'I']",71761408898119,27.495,3,2026-04-14 15:10:29.140338670-04:00,D,A,0.2523171612131721
"[' ', 'I']",62883461876569,27.49,10,2026-04-14 15:10:34.596481896-04:00,T,A,0.23408615245498615
[' '],52983560689228,27.49,100,2026-04-14 15:10:43.671207800-04:00,N,A,0.23408615245498615
[' '],52983560689229,27.49,100,2026-04-14 15:10:43.671274175-04:00,N,A,0.23408615245498615
"[' ', 'I']",52983830768989,27.495,25,2026-04-14 15:10:43.676617648-04:00,V,A,0.2523171612131721
"[' ', 'F', 'I']",52983577786451,27.495,63,2026-04-14 15:10:43.676620770-04:00,P,A,0.2523171612131721
"[' ', 'F', 'I']",52983525233993,27.5,6,2026-04-14 15:10:43.676632719-04:00,M,A,0.27054816997134506
"[' ', 'F', 'I']",52983525233994,27.5,9,2026-04-14 15:10:43.676632719-04:00,M,A,0.27054816997134506
[' '],52983560689230,27.495,100,2026-04-14 15:10:43.676645594-04:00,N,A,0.2523171612131721
"[' ', 'I']",52983577786452,27.495,37,2026-04-14 15:10:43.676653801-04:00,P,A,0.2523171612131721
"[' ', 'F', 'I']",52983577786453,27.5,20,2026-04-14 15:10:43.676659856-04:00,P,A,0.27054816997134506
"[' ', 'F', 'I']",52983577786454,27.5,30,2026-04-14 15:10:43.676665951-04:00,P,A,0.27054816997134506
"[' ', 'F', 'I']",52983577786672,27.5,13,2026-04-14 15:10:43.676668830-04:00,P,A,0.27054816997134506
[' '],62883461945136,27.495,100,2026-04-14 15:10:43.676731966-04:00,T,A,0.2523171612131721
"[' ', 'I']",71761409560376,27.495,50,2026-04-14 15:10:43.676957445-04:00,D,A,0.2523171612131721
"[' ', 'I']",71761409560377,27.495,13,2026-04-14 15:10:43.677023795-04:00,D,A,0.2523171612131721
"[' ', 'I']",52983830768992,27.495,75,2026-04-14 15:10:43.677098913-04:00,V,A,0.2523171612131721
"[' ', 'I']",71761409560386,27.495,13,2026-04-14 15:10:43.677727311-04:00,D,A,0.2523171612131721
"[' ', 'I']",71761409560387,27.495,13,2026-04-14 15:10:43.678109300-04:00,D,A,0.2523171612131721
"[' ', 'I']",71761409560388,27.495,11,2026-04-14 15:10:43.678175412-04:00,D,A,0.2523171612131721
"[' ', 'F', 'I']",52983560745015,27.5,20,2026-04-14 15:10:47.978613524-04:00,N,A,0.27054816997134506
"[' ', 'F', 'I']",52983560745016,27.51,72,2026-04-14 15:10:47.978617202-04:00,N,A,0.307010187487704
"[' ', 'F', 'I']",52983560745017,27.51,1,2026-04-14 15:10:47.978617202-04:00,N,A,0.307010187487704
"[' ', 'F', 'I']",52983560745025,27.51,7,2026-04-14 15:10:47.978619466-04:00,N,A,0.307010187487704
"[' ', '4', 'B']",71761410018103,27.4659,100,2026-04-14 15:10:52.239540510-04:00,D,A,0.1462126902405854
"[' ', 'I']",71761410019146,27.49,1,2026-04-14 15:10:52.436058263-04:00,D,A,0.23408615245498615
"[' ', 'I']",71761424106582,27.48,9,2026-04-14 15:10:54.760050425-04:00,D,A,0.19762413493864017
"[' ', 'I']",71761424109905,27.48,70,2026-04-14 15:10:55.219532236-04:00,D,A,0.19762413493864017
"[' ', 'I']",71761424175443,27.4932,1,2026-04-14 15:10:56.610595611-04:00,D,A,0.24575399806023085
"[' ', 'I']",71761424363859,27.51,7,2026-04-14 15:10:59.839552990-04:00,D,A,0.307010187487704
"[' ', 'I']",71761424435546,27.4932,2,2026-04-14 15:11:01.499302914-04:00,D,A,0.24575399806023085
"[' ', 'I']",71761424437322,27.51,5,2026-04-14 15:11:01.727633514-04:00,D,A,0.307010187487704
"[' ', 'I']",71761424437572,27.4933,5,2026-04-14 15:11:01.766961104-04:00,D,A,0.24611861823539355
"[' ', 'I']",71761424437574,27.4933,4,2026-04-14 15:11:01.768590919-04:00,D,A,0.24611861823539355
"[' ', 'I']",71761424437575,27.4933,4,2026-04-14 15:11:01.769478056-04:00,D,A,0.24611861823539355
"[' ', 'I']",71761424437578,27.4933,3,2026-04-14 15:11:01.770707994-04:00,D,A,0.24611861823539355
"[' ', 'I']",71675275261522,27.495,20,2026-04-14 15:11:08.858902116-04:00,D,A,0.2523171612131721
"[' ', 'B']",71761425412692,27.4916,100,2026-04-14 15:11:10.647779628-04:00,D,A,0.23992007525760203
"[' ', '4', 'I']",71761425485890,27.48,1,2026-04-14 15:11:12.792382657-04:00,D,A,0.19762413493864017
"[' ', '4', 'I']",71761425805638,27.4943,5,2026-04-14 15:11:17.899340616-04:00,D,A,0.24976481998702035
"[' ', 'I']",71761426203731,27.4669,6,2026-04-14 15:11:25.240304540-04:00,D,A,0.14985889199221222
"[' ', 'I']",71761426270038,27.495,80,2026-04-14 15:11:26.475374488-04:00,D,A,0.2523171612131721
"[' ', 'I']",71761426462548,27.4945,2,2026-04-14 15:11:30.113579052-04:00,D,A,0.2504940603373457
"[' ', 'I']",71761426597699,27.49,6,2026-04-14 15:11:33.593586158-04:00,D,A,0.23408615245498615
"[' ', 'I']",52983526017100,27.495,36,2026-04-14 15:11:33.795327385-04:00,Z,A,0.2523171612131721
"[' ', 'F', 'I']",52983526017101,27.5,64,2026-04-14 15:11:33.889734138-04:00,Z,A,0.27054816997134506
"[' ', 'I']",71761426601266,27.4947,86,2026-04-14 15:11:34.163024680-04:00,D,A,0.251223300687684
[' '],71761426729804,27.495,239,2026-04-14 15:11:36.608220367-04:00,D,A,0.2523171612131721
[' '],71761426789972,27.51,126,2026-04-14 15:11:37.502209519-04:00,D,A,0.307010187487704
"[' ', 'I']",71761426789973,27.495,4,2026-04-14 15:11:37.503240921-04:00,D,A,0.2523171612131721
"[' ', '4', 'I']",71761441213780,27.48,1,2026-04-14 15:11:47.352454740-04:00,D,A,0.19762413493864017
"[' ', 'I']",71761441282376,27.4962,1,2026-04-14 15:11:48.954325945-04:00,D,A,0.25669260331513727
"[' ', 'I']",71761441407284,27.495,2,2026-04-14 15:11:50.441083052-04:00,D,A,0.2523171612131721
"[' ', 'I']",71761442326339,27.4792,1,2026-04-14 15:12:00.007548618-04:00,D,A,0.19470717353732578
"[' ', 'I']",71761442391346,27.4979,7,2026-04-14 15:12:01.021664678-04:00,D,A,0.26289114629291577
"[' ', 'I']",71761442517046,27.495,5,2026-04-14 15:12:03.021936209-04:00,D,A,0.2523171612131721
"[' ', 'I']",71761442517049,27.495,1,2026-04-14 15:12:03.024218629-04:00,D,A,0.2523171612131721
"[' ', 'I']",71761442854217,27.49,1,2026-04-14 15:12:07.991394787-04:00,D,A,0.23408615245498615
[' '],71761442854963,27.495,100,2026-04-14 15:12:08.069833614-04:00,D,A,0.2523171612131721
"[' ', 'I']",71761442912052,27.4975,1,2026-04-14 15:12:08.404987428-04:00,D,A,0.2614326655922521
"[' ', '4', 'B']",71761442915129,27.4795,100,2026-04-14 15:12:08.605191901-04:00,D,A,0.19580103406282678
"[' ', 'I']",71761442918232,27.509,1,2026-04-14 15:12:08.971202250-04:00,D,A,0.3033639857360642
"[' ', '4', 'B']",71761442976816,27.4942,100,2026-04-14 15:12:09.539639311-04:00,D,A,0.2494001998118577
"[' ', 'I']",52983831226443,27.51,3,2026-04-14 15:12:12.879960823-04:00,V,A,0.307010187487704
"[' ', 'I']",52983831226446,27.51,97,2026-04-14 15:12:12.879999943-04:00,V,A,0.307010187487704
"[' ', 'I']",71761443245618,27.496,8,2026-04-14 15:12:15.998474378-04:00,D,A,0.25596336296479894
"[' ', '4', 'B']",71761443441206,27.4832,100,2026-04-14 15:12:19.486218753-04:00,D,A,0.20929198054387196
"[' ', '4', 'B']",71761443574089,27.4832,100,2026-04-14 15:12:22.270116729-04:00,D,A,0.20929198054387196
"[' ', 'I']",71761443574090,27.4832,13,2026-04-14 15:12:22.270808374-04:00,D,A,0.20929198054387196
"[' ', 'I']",71761443574091,27.4832,7,2026-04-14 15:12:22.271924032-04:00,D,A,0.20929198054387196
[' '],71761458124121,27.51,100,2026-04-14 15:12:32.710832451-04:00,D,A,0.307010187487704
"[' ', 'I']",71761458706516,27.495,70,2026-04-14 15:12:34.642778390-04:00,D,A,0.2523171612131721
"[' ', 'I']",71761458840903,27.495,1,2026-04-14 15:12:37.531713299-04:00,D,A,0.2523171612131721
"[' ', 'B']",71761458901338,27.4948,100,2026-04-14 15:12:38.585328467-04:00,D,A,0.25158792086284676
"[' ', 'I']",71761458908998,27.51,15,2026-04-14 15:12:39.599297075-04:00,D,A,0.307010187487704
"[' ', 'I']",71761459105099,27.499,88,2026-04-14 15:12:43.739222064-04:00,D,A,0.2669019682197053
"[' ', 'I']",71761459167559,27.5085,1,2026-04-14 15:12:44.667958963-04:00,D,A,0.30154088486025077
"[' ', 'I']",71761459364182,27.4983,13,2026-04-14 15:12:48.686987087-04:00,D,A,0.2643496269935665
"[' ', 'I']",71675275267156,27.495,20,2026-04-14 15:12:54.535997454-04:00,D,A,0.2523171612131721
"[' ', 'I']",71761459755058,27.51,1,2026-04-14 15:12:56.423747311-04:00,D,A,0.307010187487704
"[' ', 'F', 'I']",62883476092511,27.51,35,2026-04-14 15:12:56.530050332-04:00,T,A,0.307010187487704
"[' ', 'F', 'I']",62883476092510,27.5,65,2026-04-14 15:12:56.530050332-04:00,T,A,0.27054816997134506
"[' ', 'F', 'I']",62883476092512,27.5,3,2026-04-14 15:12:56.530089448-04:00,T,A,0.27054816997134506
"[' ', 'I']",52983526018405,27.48,10,2026-04-14 15:13:00.874179453-04:00,Z,A,0.19762413493864017
"[' ', 'I']",52983526018406,27.48,51,2026-04-14 15:13:00.874182515-04:00,Z,A,0.19762413493864017
"[' ', 'F', 'I']",52983526018407,27.49,4,2026-04-14 15:13:00.874567314-04:00,Z,A,0.23408615245498615
"[' ', 'I']",71761459958864,27.495,2,2026-04-14 15:13:00.876212289-04:00,D,A,0.2523171612131721
"[' ', 'I']",71761460023348,27.4988,8,2026-04-14 15:13:01.611372242-04:00,D,A,0.26617272786937995
"[' ', 'I']",71761460023349,27.4988,7,2026-04-14 15:13:01.611721141-04:00,D,A,0.26617272786937995
"[' ', 'I']",71761460217689,27.51,8,2026-04-14 15:13:04.839890650-04:00,D,A,0.307010187487704
"[' ', 'I']",71761460352578,27.51,7,2026-04-14 15:13:08.003180817-04:00,D,A,0.307010187487704
"[' ', 'I']",71761460352591,27.499,4,2026-04-14 15:13:08.014346353-04:00,D,A,0.2669019682197053
"[' ', 'I']",71761460352596,27.499,1,2026-04-14 15:13:08.016144735-04:00,D,A,0.2669019682197053
"[' ', '4', 'I']",71761474632012,27.48,1,2026-04-14 15:13:13.338791046-04:00,D,A,0.19762413493864017
[' '],71761474892376,27.495,200,2026-04-14 15:13:18.310354775-04:00,D,A,0.2523171612131721
[' '],71761474892377,27.495,200,2026-04-14 15:13:18.310781758-04:00,D,A,0.2523171612131721
[' '],71761474892865,27.495,100,2026-04-14 15:13:18.341972075-04:00,D,A,0.2523171612131721
[' '],71761474893105,27.495,100,2026-04-14 15:13:18.385395419-04:00,D,A,0.2523171612131721
"[' ', 'I']",71761474899534,27.4978,8,2026-04-14 15:13:19.096928129-04:00,D,A,0.26252652611775307
"[' ', 'I']",71761474964567,27.495,25,2026-04-14 15:13:20.149442664-04:00,D,A,0.2523171612131721
"[' ', 'F', 'I']",62883476361820,27.51,65,2026-04-14 15:13:21.360867558-04:00,T,A,0.307010187487704
"[' ', 'F', 'I']",62883476361821,27.51,69,2026-04-14 15:13:21.360870471-04:00,T,A,0.307010187487704
"[' ', 'F', 'I']",62883476361822,27.51,31,2026-04-14 15:13:21.360891745-04:00,T,A,0.307010187487704
"[' ', 'F', 'I']",62883476361823,27.51,12,2026-04-14 15:13:21.360891745-04:00,T,A,0.307010187487704
"[' ', 'F', 'I']",62883476361824,27.51,40,2026-04-14 15:13:21.360897912-04:00,T,A,0.307010187487704
"[' ', 'F', 'I']",62883476361825,27.51,16,2026-04-14 15:13:21.360897912-04:00,T,A,0.307010187487704
"[' ', 'F', 'I']",62883476361826,27.51,12,2026-04-14 15:13:21.360897912-04:00,T,A,0.307010187487704
"[' ', 'F', 'I']",62883476361827,27.51,10,2026-04-14 15:13:21.360900622-04:00,T,A,0.307010187487704
"[' ', 'F', 'I']",62883476361828,27.51,3,2026-04-14 15:13:21.360903616-04:00,T,A,0.307010187487704
"[' ', 'F']",52983577850177,27.51,137,2026-04-14 15:13:21.360928253-04:00,P,A,0.307010187487704
"[' ', 'F', 'I']",52983560751686,27.51,5,2026-04-14 15:13:21.360934386-04:00,N,A,0.307010187487704
"[' ', 'F', 'I']",52983560751687,27.51,33,2026-04-14 15:13:21.360937015-04:00,N,A,0.307010187487704
"[' ', 'F', 'I']",54311779656775,27.51,1,2026-04-14 15:13:21.360951760-04:00,U,A,0.307010187487704
"[' ', 'F', 'I']",52983525623412,27.51,26,2026-04-14 15:13:21.360957682-04:00,K,A,0.307010187487704
[' '],71761475488569,27.51,112,2026-04-14 15:13:21.362503412-04:00,D,A,0.307010187487704
"[' ', 'F', 'I']",52983525623417,27.51,4,2026-04-14 15:13:22.397510200-04:00,K,A,0.307010187487704
"[' ', 'I']",52983831556930,27.51,3,2026-04-14 15:13:22.397964194-04:00,V,A,0.307010187487704
"[' ', 'I']",71761475553859,27.4874,10,2026-04-14 15:13:22.612467900-04:00,D,A,0.22460602790074347
"[' ', 'I']",71761475553860,27.4874,5,2026-04-14 15:13:22.614166915-04:00,D,A,0.22460602790074347
"[' ', '4', 'B']",71761475945525,27.4971,100,2026-04-14 15:13:29.201317388-04:00,D,A,0.2599741848916014
"[' ', 'F', 'I']",52983577850689,27.51,5,2026-04-14 15:13:35.186188201-04:00,P,A,0.307010187487704
"[' ', 'F']",52983560751958,27.51,100,2026-04-14 15:13:35.186191206-04:00,N,A,0.307010187487704
"[' ', 'F', 'I']",52983525234006,27.51,16,2026-04-14 15:13:35.186254342-04:00,M,A,0.307010187487704
"[' ', 'F', 'I']",52983525234224,27.51,80,2026-04-14 15:13:35.186254342-04:00,M,A,0.307010187487704
"[' ', 'F', 'I']",52983525234225,27.51,24,2026-04-14 15:13:35.186257323-04:00,M,A,0.307010187487704
"[' ', 'F', 'I']",52983526019133,27.51,5,2026-04-14 15:13:35.186504468-04:00,Z,A,0.307010187487704
"[' ', 'F']",52983526019134,27.51,100,2026-04-14 15:13:35.186509956-04:00,Z,A,0.307010187487704
"[' ', 'F']",52983526019135,27.51,100,2026-04-14 15:13:35.186509956-04:00,Z,A,0.307010187487704
"[' ', 'F', 'I']",62883476496714,27.51,1,2026-04-14 15:13:35.186678474-04:00,T,A,0.307010187487704
"[' ', 'F']",62883476496715,27.51,100,2026-04-14 15:13:35.186681451-04:00,T,A,0.307010187487704
"[' ', 'F', 'I']",52983577850690,27.52,1,2026-04-14 15:13:35.192554330-04:00,P,A,0.34347220500404996
"[' ', 'F', 'I']",52983577850691,27.52,16,2026-04-14 15:13:35.192560764-04:00,P,A,0.34347220500404996
"[' ', 'F', 'I']",52983560752176,27.52,8,2026-04-14 15:13:35.192564106-04:00,N,A,0.34347220500404996
"[' ', 'F', 'I']",52983560752177,27.52,4,2026-04-14 15:13:35.192566335-04:00,N,A,0.34347220500404996
"[' ', 'F', 'I']",52983560752178,27.52,1,2026-04-14 15:13:35.192572525-04:00,N,A,0.34347220500404996
"[' ', 'F', 'I']",52983526019136,27.52,5,2026-04-14 15:13:35.192650599-04:00,Z,A,0.34347220500404996
"[' ', 'F', 'I']",52983525623668,27.52,3,2026-04-14 15:13:35.192659602-04:00,K,A,0.34347220500404996
"[' ', 'F', 'I']",62883476496718,27.52,2,2026-04-14 15:13:35.192659602-04:00,T,A,0.34347220500404996
"[' ', 'F', 'I']",62883476496719,27.52,35,2026-04-14 15:13:35.192662674-04:00,T,A,0.34347220500404996
[' '],71761476269141,27.51,100,2026-04-14 15:13:35.194253481-04:00,D,A,0.307010187487704
[' '],71761476278351,27.52,100,2026-04-14 15:13:36.190510014-04:00,D,A,0.34347220500404996
"[' ', '4', 'B']",71761476339779,27.4911,100,2026-04-14 15:13:36.803705645-04:00,D,A,0.23809697438178865
"[' ', 'I']",71761476400712,27.51,1,2026-04-14 15:13:37.633173158-04:00,D,A,0.307010187487704
"[' ', 'I']",71675275268934,27.51,20,2026-04-14 15:13:40.217798795-04:00,D,A,0.307010187487704
"[' ', 'I']",71761476600136,27.5044,6,2026-04-14 15:13:41.508164406-04:00,D,A,0.28659145767854194
"[' ', 'I']",71761476728409,27.4911,1,2026-04-14 15:13:44.182159782-04:00,D,A,0.23809697438178865
"[' ', 'I']",71761476728633,27.51,5,2026-04-14 15:13:44.191521163-04:00,D,A,0.307010187487704
"[' ', 'I']",52983560752449,27.53,36,2026-04-14 15:13:44.201907852-04:00,N,A,0.37993422252040887
"[' ', 'I']",52983560752450,27.53,36,2026-04-14 15:13:44.201910787-04:00,N,A,0.37993422252040887
"[' ', 'I']",52983560752451,27.53,28,2026-04-14 15:13:44.201913846-04:00,N,A,0.37993422252040887
"[' ', 'I']",52983525111861,27.51,2,2026-04-14 15:13:45.063422669-04:00,Y,A,0.307010187487704
"[' ', 'I']",71761476800343,27.4997,31,2026-04-14 15:13:46.093684068-04:00,D,A,0.269454309445857
"[' ', 'I']",71761476989274,27.5052,5,2026-04-14 15:13:48.959067126-04:00,D,A,0.2895084190798434
"[' ', 'I']",71761476995141,27.4915,4,2026-04-14 15:13:49.494013460-04:00,D,A,0.23955545508243933
"[' ', 'F', 'I']",52983525234226,27.53,49,2026-04-14 15:13:50.170106934-04:00,M,A,0.37993422252040887
"[' ', 'F', 'I']",52983525234227,27.53,16,2026-04-14 15:13:50.170109938-04:00,M,A,0.37993422252040887
"[' ', 'F', 'I']",52983560752712,27.53,8,2026-04-14 15:13:50.170167577-04:00,N,A,0.37993422252040887
"[' ', 'F', 'I']",52983560752713,27.53,93,2026-04-14 15:13:50.170170050-04:00,N,A,0.37993422252040887
"[' ', 'F', 'I']",52983526019174,27.53,34,2026-04-14 15:13:50.170308462-04:00,Z,A,0.37993422252040887
"[' ', 'I']",71761477129047,27.5068,86,2026-04-14 15:13:52.492361106-04:00,D,A,0.2953423418824593
"[' ', 'I']",71761491217459,27.515,1,2026-04-14 15:13:55.020948245-04:00,D,A,0.32524119624587694
"[' ', 'I']",71761491218488,27.515,12,2026-04-14 15:13:55.168695920-04:00,D,A,0.32524119624587694
"[' ', 'I']",71761491745351,27.5068,6,2026-04-14 15:14:05.784142571-04:00,D,A,0.2953423418824593
"[' ', 'I']",71761492324656,27.4935,60,2026-04-14 15:14:06.889820552-04:00,D,A,0.24684785858571892
"[' ', '4', 'B']",71761492326741,27.4926,100,2026-04-14 15:14:07.097380632-04:00,D,A,0.2435662770092418
"[' ', 'I']",71761492717638,27.5085,3,2026-04-14 15:14:13.626826770-04:00,D,A,0.30154088486025077
"[' ', 'I']",71761492789588,27.5085,2,2026-04-14 15:14:15.376764398-04:00,D,A,0.30154088486025077
"[' ', 'I']",71761492789591,27.5085,1,2026-04-14 15:14:15.379239334-04:00,D,A,0.30154088486025077
"[' ', 'I']",71761492923726,27.5069,4,2026-04-14 15:14:18.456377217-04:00,D,A,0.2957069620576349
"[' ', 'I']",71761493185330,27.5145,1,2026-04-14 15:14:23.266321216-04:00,D,A,0.32341809537006355
"[' ', 'I']",71761493512786,27.5004,27,2026-04-14 15:14:29.244970028-04:00,D,A,0.2720066506719958
"[' ', 'I']",71761493513045,27.515,11,2026-04-14 15:14:29.288573827-04:00,D,A,0.32524119624587694
"[' ', 'I']",71761493705008,27.5069,7,2026-04-14 15:14:32.715348189-04:00,D,A,0.2957069620576349
"[' ', 'I']",71761507995724,27.5072,3,2026-04-14 15:14:39.603984241-04:00,D,A,0.296800822583123
"[' ', 'I']",71761508063578,27.5008,70,2026-04-14 15:14:40.709214176-04:00,D,A,0.2734651313726595
"[' ', 'F', 'I']",62883477215287,27.52,70,2026-04-14 15:14:40.756643184-04:00,T,A,0.34347220500404996
"[' ', 'F', 'I']",62883477215288,27.53,30,2026-04-14 15:14:40.756643184-04:00,T,A,0.37993422252040887
"[' ', 'I']",71761508128847,27.5076,3,2026-04-14 15:14:41.957930733-04:00,D,A,0.2982593032837737
"[' ', 'I']",71761508184909,27.5252,1,2026-04-14 15:14:42.105251433-04:00,D,A,0.36243245411256125
"[' ', 'I']",71761508446802,27.51,4,2026-04-14 15:14:47.026493201-04:00,D,A,0.307010187487704
"[' ', 'F', 'I']",52983560810819,27.53,13,2026-04-14 15:14:51.539287717-04:00,N,A,0.37993422252040887
"[' ', 'F', 'I']",52983560810827,27.53,13,2026-04-14 15:14:54.034399183-04:00,N,A,0.37993422252040887
"[' ', 'I']",71761509627216,27.5089,5,2026-04-14 15:15:00.117276378-04:00,D,A,0.3029993655609015
"[' ', 'I']",71761509627220,27.5128,5,2026-04-14 15:15:00.117417759-04:00,D,A,0.31721955239227206
"[' ', 'I']",71761509627221,27.5167,3,2026-04-14 15:15:00.117423734-04:00,D,A,0.3314397392236555
"[' ', 'I']",71761509627223,27.5098,2,2026-04-14 15:15:00.117492932-04:00,D,A,0.3062809471373657
"[' ', 'I']",71761509628211,27.51,11,2026-04-14 15:15:00.143447698-04:00,D,A,0.307010187487704
"[' ', 'I']",71761509700147,27.5179,3,2026-04-14 15:15:01.126135841-04:00,D,A,0.33581518132562066
"[' ', 'I']",71761509700946,27.5022,2,2026-04-14 15:15:01.194449436-04:00,D,A,0.27856981382493706
"[' ', 'I']",71761509761841,27.509,87,2026-04-14 15:15:01.705179161-04:00,D,A,0.3033639857360642
"[' ', 'I']",71761509762896,27.4953,12,2026-04-14 15:15:01.800307639-04:00,D,A,0.25341102173866015
"[' ', 'I']",71761509826890,27.509,3,2026-04-14 15:15:02.620597257-04:00,D,A,0.3033639857360642
"[' ', 'I']",71761509953590,27.4999,13,2026-04-14 15:15:04.438893628-04:00,D,A,0.27018354979618237
"[' ', 'I']",71761509953602,27.5062,2,2026-04-14 15:15:04.445731950-04:00,D,A,0.2931546208314832
"[' ', 'I']",71761509953603,27.5075,3,2026-04-14 15:15:04.447169334-04:00,D,A,0.297894683108611
"[' ', 'I']",71761509953604,27.5139,1,2026-04-14 15:15:04.448408325-04:00,D,A,0.32123037431907453
"[' ', 'I']",71761509953607,27.5144,3,2026-04-14 15:15:04.450606617-04:00,D,A,0.3230534751948879
"[' ', 'I']",71761509953610,27.5118,1,2026-04-14 15:15:04.452323706-04:00,D,A,0.31357335064064523
"[' ', 'I']",71761510085706,27.5218,2,2026-04-14 15:15:06.436982102-04:00,D,A,0.3500353681569912
"[' ', '4', 'I']",71761510085707,27.5218,1,2026-04-14 15:15:06.437342977-04:00,D,A,0.3500353681569912
"[' ', 'I']",71761510282806,27.51,1,2026-04-14 15:15:10.390983406-04:00,D,A,0.307010187487704
"[' ', 'I']",71761510421299,27.5133,1,2026-04-14 15:15:13.478610572-04:00,D,A,0.3190426532680984
"[' ', 'F', 'I']",52983577857351,27.51,25,2026-04-14 15:15:13.602457267-04:00,P,A,0.307010187487704
"[' ', 'F', 'I']",52983560811093,27.52,25,2026-04-14 15:15:13.602472278-04:00,N,A,0.34347220500404996
"[' ', 'F', 'I']",52983577857352,27.51,25,2026-04-14 15:15:13.602526347-04:00,P,A,0.307010187487704
"[' ', 'F', 'I']",52983577857353,27.51,25,2026-04-14 15:15:13.602592548-04:00,P,A,0.307010187487704
"[' ', 'F', 'I']",52983577857354,27.51,25,2026-04-14 15:15:13.602661745-04:00,P,A,0.307010187487704
"[' ', '4', 'I']",71761510486852,27.5115,5,2026-04-14 15:15:14.948861227-04:00,D,A,0.3124794901151572
"[' ', 'F', 'I']",62883477663828,27.52,50,2026-04-14 15:15:15.762213384-04:00,T,A,0.34347220500404996
"[' ', 'F', 'I']",62883477663829,27.52,50,2026-04-14 15:15:15.762213384-04:00,T,A,0.34347220500404996
"[' ', 'I']",71761524832568,27.5129,1,2026-04-14 15:15:21.680776325-04:00,D,A,0.31758417256743476
"[' ', 'F', 'I']",62883477795182,27.51,25,2026-04-14 15:15:26.866181905-04:00,T,A,0.307010187487704
"[' ', 'I']",71761525297226,27.525,10,2026-04-14 15:15:30.071689482-04:00,D,A,0.3617032137622229
"[' ', 'I']",71761526011203,27.51,2,2026-04-14 15:15:32.936248546-04:00,D,A,0.307010187487704
"[' ', 'I']",71761526151258,27.51,3,2026-04-14 15:15:35.884331255-04:00,D,A,0.307010187487704
"[' ', 'I']",71761526273868,27.5042,1,2026-04-14 15:15:37.311561741-04:00,D,A,0.2858622173282166
"[' ', '4', 'B']",71761526540600,27.5076,100,2026-04-14 15:15:42.862042504-04:00,D,A,0.2982593032837737
"[' ', 'I']",71761526867791,27.515,7,2026-04-14 15:15:49.340661726-04:00,D,A,0.32524119624587694
"[' ', 'I']",71761526868023,27.515,11,2026-04-14 15:15:49.370152943-04:00,D,A,0.32524119624587694
"[' ', 'I']",71761526932016,27.5126,2,2026-04-14 15:15:50.392246900-04:00,D,A,0.31649031204194666
"[' ', 'I']",71761526935642,27.4971,4,2026-04-14 15:15:50.969898052-04:00,D,A,0.2599741848916014
"[' ', 'I']",52983844256063,27.515,80,2026-04-14 15:15:55.477153318-04:00,V,A,0.32524119624587694
"[' ', 'F', 'I']",52983560812869,27.52,20,2026-04-14 15:15:55.550176218-04:00,N,A,0.34347220500404996
"[' ', '4', 'B']",71761527264079,27.4973,100,2026-04-14 15:15:56.800225054-04:00,D,A,0.26070342524192675
"[' ', 'I']",71675275331129,27.515,15,2026-04-14 15:15:59.539147825-04:00,D,A,0.32524119624587694
"[' ', 'I']",71761527456562,27.529,1,2026-04-14 15:15:59.692043768-04:00,D,A,0.3762880207687691
"[' ', 'I']",71761541483824,27.515,1,2026-04-14 15:16:01.110369993-04:00,D,A,0.32524119624587694
"[' ', 'I']",71761541810484,27.5153,1,2026-04-14 15:16:05.793820874-04:00,D,A,0.32633505677136504
"[' ', 'I']",71761542660433,27.5133,94,2026-04-14 15:16:13.494540098-04:00,D,A,0.3190426532680984
"[' ', 'I']",52983525111925,27.51,6,2026-04-14 15:16:23.598430149-04:00,Y,A,0.307010187487704
"[' ', 'I']",71761543711543,27.5137,8,2026-04-14 15:16:32.728947882-04:00,D,A,0.32050113396874913
"[' ', 'I']",52983560816454,27.515,50,2026-04-14 15:16:32.837819022-04:00,N,A,0.32524119624587694
"[' ', 'F', 'I']",52983560816455,27.515,50,2026-04-14 15:16:32.915349594-04:00,N,A,0.32524119624587694
"[' ', 'I']",52983626289462,27.515,6,2026-04-14 15:16:34.747533007-04:00,D,A,0.32524119624587694
"[' ', 'I']",71761543968310,27.515,70,2026-04-14 15:16:37.055930070-04:00,D,A,0.32524119624587694
"[' ', 'I']",71761543972929,27.5146,1,2026-04-14 15:16:37.332714929-04:00,D,A,0.32378271554522625
"[' ', 'I']",62883478657863,27.515,38,2026-04-14 15:16:44.186964187-04:00,T,A,0.32524119624587694
"[' ', '4', 'B']",71761558326862,27.5093,100,2026-04-14 15:16:44.438452860-04:00,D,A,0.30445784626155226
"[' ', 'I']",71761558452548,27.5147,1,2026-04-14 15:16:46.413942286-04:00,D,A,0.3241473357203889
"[' ', 'I']",71761558651726,27.515,1,2026-04-14 15:16:49.941543645-04:00,D,A,0.32524119624587694
"[' ', 'I']",71761558720054,27.5139,3,2026-04-14 15:16:51.541694861-04:00,D,A,0.32123037431907453
"[' ', 'I']",71761558852420,27.5136,3,2026-04-14 15:16:54.041386139-04:00,D,A,0.3201365137935865
"[' ', 'I']",71761558852421,27.515,7,2026-04-14 15:16:54.042396553-04:00,D,A,0.32524119624587694
"[' ', 'I']",71761559696183,27.5137,17,2026-04-14 15:17:00.122543111-04:00,D,A,0.32050113396874913
"[' ', 'I']",71761559771202,27.5144,1,2026-04-14 15:17:02.007547388-04:00,D,A,0.3230534751948879
"[' ', 'I']",52983844599380,27.515,70,2026-04-14 15:17:09.955154306-04:00,V,A,0.32524119624587694
"[' ', 'F', 'I']",52983592141377,27.52,30,2026-04-14 15:17:09.957126996-04:00,P,A,0.34347220500404996
"[' ', '4', 'B']",71761560292931,27.5,100,2026-04-14 15:17:10.979629998-04:00,D,A,0.27054816997134506
"[' ', 'I']",71675275333942,27.53,1,2026-04-14 15:17:11.837199457-04:00,D,A,0.37993422252040887
"[' ', 'I']",71761560684354,27.515,31,2026-04-14 15:17:17.908171160-04:00,D,A,0.32524119624587694
"[' ', 'I']",71761560754497,27.5149,87,2026-04-14 15:17:19.715596674-04:00,D,A,0.3248765760707143
[' '],71761560945223,27.515,100,2026-04-14 15:17:22.586891651-04:00,D,A,0.32524119624587694
"[' ', 'I']",71761575037785,27.515,1,2026-04-14 15:17:25.696455900-04:00,D,A,0.32524119624587694
"[' ', 'I']",62883491760957,27.515,5,2026-04-14 15:17:29.121098097-04:00,T,A,0.32524119624587694
"[' ', 'F', 'I']",52983560818253,27.53,19,2026-04-14 15:17:29.127079324-04:00,N,A,0.37993422252040887
"[' ', 'I']",71761575621451,27.5158,1,2026-04-14 15:17:36.383893987-04:00,D,A,0.32815815764717843
"[' ', 'I']",71761575625797,27.5096,70,2026-04-14 15:17:36.709142107-04:00,D,A,0.3055517067870403
"[' ', 'I']",71761576341814,27.5016,1,2026-04-14 15:17:41.706128250-04:00,D,A,0.2763820927739609
"[' ', 'I']",71761576407880,27.53,1,2026-04-14 15:17:42.951482805-04:00,D,A,0.37993422252040887
[' '],52983560819016,27.515,100,2026-04-14 15:17:46.767257100-04:00,N,A,0.32524119624587694
"[' ', 'I']",71761576612677,27.5149,7,2026-04-14 15:17:47.774270171-04:00,D,A,0.3248765760707143
"[' ', 'I']",71761576744001,27.515,1,2026-04-14 15:17:50.362191561-04:00,D,A,0.32524119624587694
"[' ', 'F', 'I']",52983560819269,27.51,29,2026-04-14 15:17:54.974468915-04:00,N,A,0.307010187487704
"[' ', 'F', 'I']",52983525112148,27.51,1,2026-04-14 15:17:54.974553179-04:00,Y,A,0.307010187487704
"[' ', 'I']",52983560819525,27.51,3,2026-04-14 15:17:58.591049040-04:00,N,A,0.307010187487704
[' '],71761577465425,27.53,100,2026-04-14 15:18:03.037505684-04:00,D,A,0.37993422252040887
"[' ', 'I']",71761577717812,27.53,1,2026-04-14 15:18:06.156325775-04:00,D,A,0.37993422252040887
"[' ', 'I']",71761591808590,27.53,7,2026-04-14 15:18:08.393056176-04:00,D,A,0.37993422252040887
"[' ', 'I']",71761591883607,27.5163,1,2026-04-14 15:18:10.552649993-04:00,D,A,0.3299812585230048
"[' ', 'I']",71761592075331,27.5163,70,2026-04-14 15:18:13.495725886-04:00,D,A,0.3299812585230048
"[' ', 'I']",71761592075334,27.5166,7,2026-04-14 15:18:13.496213112-04:00,D,A,0.33107511904849285
"[' ', 'I']",71761592202289,27.5151,34,2026-04-14 15:18:15.597077099-04:00,D,A,0.32560581642103964
"[' ', 'B']",71761592408656,27.5104,200,2026-04-14 15:18:20.320387781-04:00,D,A,0.3084686681883547
"[' ', 'I']",71761593053491,27.53,1,2026-04-14 15:18:22.609599033-04:00,D,A,0.37993422252040887
[' '],71761593190222,27.5198,250,2026-04-14 15:18:25.139521483-04:00,D,A,0.34274296465372456
[' '],71761593252182,27.53,100,2026-04-14 15:18:26.047575010-04:00,D,A,0.37993422252040887
"[' ', 'I']",71761593452081,27.515,70,2026-04-14 15:18:29.832619112-04:00,D,A,0.32524119624587694
"[' ', 'I']",71761593452085,27.51,18,2026-04-14 15:18:29.834814332-04:00,D,A,0.307010187487704
"[' ', 'I']",52983626812214,27.515,1,2026-04-14 15:18:31.000359050-04:00,D,A,0.32524119624587694
"[' ', 'I']",71761593587269,27.5179,12,2026-04-14 15:18:32.731703263-04:00,D,A,0.33581518132562066
"[' ', 'F', 'I']",52983526023266,27.51,4,2026-04-14 15:18:36.919965257-04:00,Z,A,0.307010187487704
[' '],71761593845077,27.515,900,2026-04-14 15:18:36.928818479-04:00,D,A,0.32524119624587694
"[' ', 'I']",71761593845079,27.515,8,2026-04-14 15:18:36.930655705-04:00,D,A,0.32524119624587694
"[' ', 'I']",71761593845305,27.515,13,2026-04-14 15:18:36.948990418-04:00,D,A,0.32524119624587694
"[' ', 'I']",71761593845313,27.515,13,2026-04-14 15:18:36.949802265-04:00,D,A,0.32524119624587694
"[' ', 'I']",71761593845315,27.515,13,2026-04-14 15:18:36.950081985-04:00,D,A,0.32524119624587694
[' '],71761594107714,27.53,100,2026-04-14 15:18:42.150830110-04:00,D,A,0.37993422252040887
"[' ', 'I']",71761594562889,27.5175,3,2026-04-14 15:18:49.954213759-04:00,D,A,0.334356700624957
"[' ', 'I']",71761608586063,27.515,1,2026-04-14 15:18:50.930499726-04:00,D,A,0.32524119624587694
"[' ', 'I']",71761608657996,27.515,1,2026-04-14 15:18:52.651983645-04:00,D,A,0.32524119624587694
"[' ', '4', 'B']",71761608987193,27.5052,100,2026-04-14 15:18:58.636072508-04:00,D,A,0.2895084190798434
"[' ', '4', 'B']",71761608987204,27.5052,200,2026-04-14 15:18:58.638312781-04:00,D,A,0.2895084190798434
[' '],71761609115705,27.515,1100,2026-04-14 15:19:00.363940650-04:00,D,A,0.32524119624587694
"[' ', 'I']",71761609707083,27.5167,3,2026-04-14 15:19:02.010416953-04:00,D,A,0.3314397392236555
[' '],71761609834806,27.515,1239,2026-04-14 15:19:03.413638192-04:00,D,A,0.32524119624587694
"[' ', '4', 'I']",71761610036825,27.516,5,2026-04-14 15:19:06.880260426-04:00,D,A,0.3288873979975038
"[' ', 'I']",71761610163782,27.507,1,2026-04-14 15:19:08.591661345-04:00,D,A,0.2960715822327976
"[' ', 'I']",52983845247837,27.51,75,2026-04-14 15:19:10.688934841-04:00,V,A,0.307010187487704
"[' ', 'I']",52983845247840,27.5,24,2026-04-14 15:19:10.688958810-04:00,V,A,0.27054816997134506
"[' ', 'I']",71761610295118,27.515,1,2026-04-14 15:19:10.705104274-04:00,D,A,0.32524119624587694
"[' ', 'I']",71761610815559,27.5161,72,2026-04-14 15:19:19.717031790-04:00,D,A,0.32925201817267946
"[' ', 'F', 'I']",52983525626161,27.53,1,2026-04-14 15:19:21.687237727-04:00,K,A,0.37993422252040887
[' '],71761610887770,27.53,100,2026-04-14 15:19:21.810308746-04:00,D,A,0.37993422252040887
"[' ', 'I']",71761610889010,27.53,99,2026-04-14 15:19:21.904216315-04:00,D,A,0.37993422252040887
"[' ', 'I']",71761611011142,27.5167,14,2026-04-14 15:19:23.612225131-04:00,D,A,0.3314397392236555
"[' ', 'F', 'I']",52983525168698,27.51,2,2026-04-14 15:19:27.289023620-04:00,J,A,0.307010187487704
[' '],71761611277878,27.53,100,2026-04-14 15:19:28.592470424-04:00,D,A,0.37993422252040887
"[' ', 'I']",71761625362482,27.5164,1,2026-04-14 15:19:30.508006274-04:00,D,A,0.33034587869816745
"[' ', 'I']",71761625435704,27.515,7,2026-04-14 15:19:32.905183578-04:00,D,A,0.32524119624587694
"[' ', 'I']",71761625435717,27.5168,1,2026-04-14 15:19:32.911357364-04:00,D,A,0.3318043593988182
"[' ', 'I']",71761625435718,27.5168,2,2026-04-14 15:19:32.911432496-04:00,D,A,0.3318043593988182
"[' ', 'I']",71761625435719,27.515,2,2026-04-14 15:19:32.911477636-04:00,D,A,0.32524119624587694
"[' ', 'I']",71761625762113,27.515,2,2026-04-14 15:19:39.125105849-04:00,D,A,0.32524119624587694
"[' ', 'I']",71761625821746,27.5231,82,2026-04-14 15:19:39.795485677-04:00,D,A,0.354775430434119
"[' ', 'I']",71761625821747,27.515,90,2026-04-14 15:19:39.797416275-04:00,D,A,0.32524119624587694
"[' ', '4', 'B']",71761625952334,27.5083,100,2026-04-14 15:19:41.945790392-04:00,D,A,0.3008116445099125
"[' ', 'F', 'I']",52983560881204,27.53,58,2026-04-14 15:19:47.730793322-04:00,N,A,0.37993422252040887
"[' ', 'I']",71761626679627,27.5225,42,2026-04-14 15:19:47.902216307-04:00,D,A,0.35258770938314293
"[' ', 'I']",71761626808650,27.5173,7,2026-04-14 15:19:50.374909513-04:00,D,A,0.33362746027463164
"[' ', 'I']",71761626869837,27.515,1,2026-04-14 15:19:51.351887191-04:00,D,A,0.32524119624587694
"[' ', 'I']",71761627265362,27.5166,4,2026-04-14 15:20:00.007391141-04:00,D,A,0.33107511904849285
"[' ', 'I']",71761627721796,27.5165,6,2026-04-14 15:20:04.446585453-04:00,D,A,0.33071049887333015
"[' ', 'I']",71761627858510,27.5099,1,2026-04-14 15:20:06.470171527-04:00,D,A,0.30664556731252834
"[' ', 'I']",71761627863363,27.5168,4,2026-04-14 15:20:07.078642930-04:00,D,A,0.3318043593988182
"[' ', 'I']",71761627863366,27.5168,2,2026-04-14 15:20:07.080411144-04:00,D,A,0.3318043593988182
"[' ', 'I']",71761627985487,27.5168,9,2026-04-14 15:20:08.334399158-04:00,D,A,0.3318043593988182
"[' ', 'I']",71761628119865,27.5168,4,2026-04-14 15:20:10.447580507-04:00,D,A,0.3318043593988182
"[' ', 'F', 'I']",62883493600326,27.53,70,2026-04-14 15:20:10.894375981-04:00,T,A,0.37993422252040887
"[' ', 'F', 'I']",62883493600325,27.53,1,2026-04-14 15:20:10.894375981-04:00,T,A,0.37993422252040887
"[' ', 'F', 'I']",62883493600324,27.53,16,2026-04-14 15:20:10.894375981-04:00,T,A,0.37993422252040887
"[' ', 'F', 'I']",62883493600327,27.53,22,2026-04-14 15:20:10.894378256-04:00,T,A,0.37993422252040887
"[' ', 'F', 'I']",62883493600328,27.53,78,2026-04-14 15:20:10.894396098-04:00,T,A,0.37993422252040887
"[' ', 'F', 'I']",52983560881736,27.53,42,2026-04-14 15:20:10.894447757-04:00,N,A,0.37993422252040887
"[' ', 'F']",52983560881737,27.53,100,2026-04-14 15:20:10.894453230-04:00,N,A,0.37993422252040887
"[' ', 'F', 'I']",52983560881738,27.53,44,2026-04-14 15:20:10.894456334-04:00,N,A,0.37993422252040887
[' '],52983560881739,27.53,100,2026-04-14 15:20:11.399550672-04:00,N,A,0.37993422252040887
"[' ', 'I']",52983592206645,27.53,20,2026-04-14 15:20:11.399554129-04:00,P,A,0.37993422252040887
"[' ', 'I']",52983592206646,27.53,53,2026-04-14 15:20:11.399556629-04:00,P,A,0.37993422252040887
"[' ', 'I']",71761642145090,27.52,1,2026-04-14 15:20:11.419815860-04:00,D,A,0.34347220500404996
"[' ', 'F', 'I']",52983560881740,27.53,27,2026-04-14 15:20:11.420489812-04:00,N,A,0.37993422252040887
"[' ', 'F', 'I']",52983592206647,27.53,47,2026-04-14 15:20:11.420492913-04:00,P,A,0.37993422252040887
"[' ', 'F', 'I']",52983592206648,27.53,1,2026-04-14 15:20:11.420495542-04:00,P,A,0.37993422252040887
"[' ', 'F', 'I']",52983525290033,27.53,12,2026-04-14 15:20:11.420510547-04:00,M,A,0.37993422252040887
"[' ', 'F', 'I']",52983525290034,27.53,6,2026-04-14 15:20:11.420517061-04:00,M,A,0.37993422252040887
"[' ', 'F', 'I']",52983525290035,27.53,20,2026-04-14 15:20:11.420517061-04:00,M,A,0.37993422252040887
"[' ', 'F', 'I']",52983525290036,27.53,12,2026-04-14 15:20:11.420519888-04:00,M,A,0.37993422252040887
"[' ', 'F', 'I']",52983525290037,27.53,58,2026-04-14 15:20:11.420522791-04:00,M,A,0.37993422252040887
"[' ', 'F', 'I']",52983525290038,27.53,14,2026-04-14 15:20:11.420522791-04:00,M,A,0.37993422252040887
"[' ', 'F', 'I']",52983525290039,27.53,12,2026-04-14 15:20:11.420525587-04:00,M,A,0.37993422252040887
"[' ', 'F', 'I']",52983560881741,27.53,29,2026-04-14 15:20:11.420549674-04:00,N,A,0.37993422252040887
"[' ', 'F']",52983560881742,27.53,100,2026-04-14 15:20:11.420555682-04:00,N,A,0.37993422252040887
"[' ', 'F', 'I']",52983526024800,27.53,29,2026-04-14 15:20:11.420591688-04:00,Z,A,0.37993422252040887
"[' ', 'F']",52983526024801,27.53,100,2026-04-14 15:20:11.420594751-04:00,Z,A,0.37993422252040887
"[' ', 'F', 'I']",52983526024802,27.53,40,2026-04-14 15:20:11.420601288-04:00,Z,A,0.37993422252040887
"[' ', 'F', 'I']",52983525168729,27.53,10,2026-04-14 15:20:11.420601288-04:00,J,A,0.37993422252040887
"[' ', 'F', 'I']",52983525626442,27.53,21,2026-04-14 15:20:11.420603824-04:00,K,A,0.37993422252040887
"[' ', 'F']",54319616716345,27.53,100,2026-04-14 15:20:11.420609746-04:00,U,A,0.37993422252040887
"[' ', 'F', 'I']",52983525290040,27.54,4,2026-04-14 15:20:11.426572985-04:00,M,A,0.41639624003675485
"[' ', 'F', 'I']",52983525290041,27.54,8,2026-04-14 15:20:11.426576359-04:00,M,A,0.41639624003675485
"[' ', 'F', 'I']",52983525290049,27.54,4,2026-04-14 15:20:11.426578972-04:00,M,A,0.41639624003675485
"[' ', 'F', 'I']",52983592206649,27.54,8,2026-04-14 15:20:11.426609002-04:00,P,A,0.41639624003675485
"[' ', 'F']",52983592206657,27.54,100,2026-04-14 15:20:11.426615707-04:00,P,A,0.41639624003675485
"[' ', 'F', 'I']",52983592206658,27.54,8,2026-04-14 15:20:11.426615707-04:00,P,A,0.41639624003675485
"[' ', 'F', 'I']",52983560881743,27.54,4,2026-04-14 15:20:11.426618773-04:00,N,A,0.41639624003675485
"[' ', 'F', 'I']",52983592206659,27.54,4,2026-04-14 15:20:11.426621856-04:00,P,A,0.41639624003675485
"[' ', 'F', 'I']",52983560881744,27.54,1,2026-04-14 15:20:11.426624232-04:00,N,A,0.41639624003675485
"[' ', 'F', 'I']",52983560881745,27.54,42,2026-04-14 15:20:11.426627217-04:00,N,A,0.41639624003675485
"[' ', 'F', 'I']",62883493602406,27.54,1,2026-04-14 15:20:11.426666256-04:00,T,A,0.41639624003675485
"[' ', 'F']",62883493602407,27.54,100,2026-04-14 15:20:11.426669255-04:00,T,A,0.41639624003675485
"[' ', 'F']",62883493602408,27.54,100,2026-04-14 15:20:11.426672230-04:00,T,A,0.41639624003675485
"[' ', 'F', 'I']",52983525626443,27.54,42,2026-04-14 15:20:11.426732301-04:00,K,A,0.41639624003675485
"[' ', 'F']",52983526024803,27.54,100,2026-04-14 15:20:11.426735603-04:00,Z,A,0.41639624003675485
"[' ', 'F']",52983526024804,27.54,100,2026-04-14 15:20:11.426738423-04:00,Z,A,0.41639624003675485
"[' ', 'F', 'I']",52983526024805,27.54,9,2026-04-14 15:20:11.426741384-04:00,Z,A,0.41639624003675485
"[' ', 'F']",52983526024806,27.54,100,2026-04-14 15:20:11.426744806-04:00,Z,A,0.41639624003675485
"[' ', 'F', 'I']",52983525626444,27.54,3,2026-04-14 15:20:11.426750373-04:00,K,A,0.41639624003675485
"[' ', 'F', 'I']",52983525626445,27.54,1,2026-04-14 15:20:11.426774386-04:00,K,A,0.41639624003675485
"[' ', 'F', 'I']",52983526024807,27.54,28,2026-04-14 15:20:11.426786532-04:00,Z,A,0.41639624003675485
[' '],52983560881746,27.54,100,2026-04-14 15:20:11.427445050-04:00,N,A,0.41639624003675485
[' '],71761642145105,27.53,100,2026-04-14 15:20:11.431919654-04:00,D,A,0.37993422252040887
[' '],52983560881747,27.54,100,2026-04-14 15:20:11.434947946-04:00,N,A,0.41639624003675485
"[' ', 'I']",52983525626446,27.53,4,2026-04-14 15:20:11.702284315-04:00,K,A,0.37993422252040887
[' '],71761642210373,27.546,100,2026-04-14 15:20:12.514953822-04:00,D,A,0.4382734505465675
"[' ', 'I']",52983845576056,27.54,35,2026-04-14 15:20:12.624408427-04:00,V,A,0.41639624003675485
"[' ', 'I']",71761642272822,27.55,1,2026-04-14 15:20:13.432792642-04:00,D,A,0.4528582575531137
"[' ', 'I']",71761642346328,27.55,1,2026-04-14 15:20:15.346854974-04:00,D,A,0.4528582575531137
"[' ', 'I']",71761642346842,27.55,1,2026-04-14 15:20:15.424596035-04:00,D,A,0.4528582575531137
"[' ', 'I']",71761642599237,27.55,20,2026-04-14 15:20:18.647304622-04:00,D,A,0.4528582575531137
"[' ', 'I']",71761642664521,27.5325,1,2026-04-14 15:20:19.716746380-04:00,D,A,0.3890497268994889
"[' ', 'I']",71761642730562,27.55,16,2026-04-14 15:20:20.890166696-04:00,D,A,0.4528582575531137
"[' ', 'I']",71761643261784,27.54,30,2026-04-14 15:20:22.698834115-04:00,D,A,0.41639624003675485
"[' ', '4', 'I']",71761643329114,27.5234,1,2026-04-14 15:20:23.748894703-04:00,D,A,0.35586929095960707
"[' ', '4', 'I']",71761643521348,27.5234,1,2026-04-14 15:20:26.142571739-04:00,D,A,0.35586929095960707
"[' ', 'I']",52983845646965,27.54,96,2026-04-14 15:20:27.583989974-04:00,V,A,0.41639624003675485
"[' ', 'I']",52983845646968,27.54,4,2026-04-14 15:20:27.584029047-04:00,V,A,0.41639624003675485
"[' ', 'I']",71761643590219,27.54,2,2026-04-14 15:20:27.585857504-04:00,D,A,0.41639624003675485
"[' ', 'I']",71761643590471,27.54,2,2026-04-14 15:20:27.605121347-04:00,D,A,0.41639624003675485
"[' ', 'I']",71761643590481,27.54,4,2026-04-14 15:20:27.618061058-04:00,D,A,0.41639624003675485
"[' ', 'I']",71761643653193,27.54,2,2026-04-14 15:20:28.421567826-04:00,D,A,0.41639624003675485
"[' ', 'I']",71761643654490,27.54,2,2026-04-14 15:20:28.584579829-04:00,D,A,0.41639624003675485
"[' ', 'I']",71761643717209,27.54,2,2026-04-14 15:20:29.421574300-04:00,D,A,0.41639624003675485
"[' ', 'F', 'I']",52983592207430,27.53,20,2026-04-14 15:20:29.739139260-04:00,P,A,0.37993422252040887
"[' ', 'F']",52983525626677,27.53,200,2026-04-14 15:20:29.739154228-04:00,K,A,0.37993422252040887
"[' ', 'F', 'I']",52983525626678,27.53,70,2026-04-14 15:20:29.739157347-04:00,K,A,0.37993422252040887
"[' ', 'F', 'I']",52983526025081,27.53,2,2026-04-14 15:20:29.739157347-04:00,Z,A,0.37993422252040887
"[' ', 'F', 'I']",52983526025082,27.53,8,2026-04-14 15:20:29.739161413-04:00,Z,A,0.37993422252040887
"[' ', 'F', 'I']",52983526025264,27.53,8,2026-04-14 15:20:29.739161413-04:00,Z,A,0.37993422252040887
"[' ', 'F', 'I']",52983560882508,27.53,17,2026-04-14 15:20:29.739166341-04:00,N,A,0.37993422252040887
"[' ', 'F', 'I']",52983526025265,27.53,13,2026-04-14 15:20:29.739166341-04:00,Z,A,0.37993422252040887
"[' ', 'F', 'I']",52983560882509,27.53,8,2026-04-14 15:20:29.739175268-04:00,N,A,0.37993422252040887
"[' ', 'F', 'I']",52983560882510,27.53,8,2026-04-14 15:20:29.739179304-04:00,N,A,0.37993422252040887
"[' ', 'F', 'I']",52983560882511,27.53,15,2026-04-14 15:20:29.739179304-04:00,N,A,0.37993422252040887
"[' ', 'F', 'I']",52983560882512,27.53,8,2026-04-14 15:20:29.739181872-04:00,N,A,0.37993422252040887
"[' ', 'F', 'I']",52983560882513,27.53,8,2026-04-14 15:20:29.739190323-04:00,N,A,0.37993422252040887
"[' ', 'F', 'I']",52983560882514,27.53,8,2026-04-14 15:20:29.739196362-04:00,N,A,0.37993422252040887
"[' ', 'F']",52983525626679,27.53,200,2026-04-14 15:20:29.739205329-04:00,K,A,0.37993422252040887
"[' ', 'F', 'I']",52983525626680,27.53,1,2026-04-14 15:20:29.739214888-04:00,K,A,0.37993422252040887
"[' ', 'F', 'I']",52983525168749,27.53,50,2026-04-14 15:20:29.739218077-04:00,J,A,0.37993422252040887
"[' ', 'F', 'I']",52983560882515,27.53,16,2026-04-14 15:20:29.739220374-04:00,N,A,0.37993422252040887
"[' ', 'F', 'I']",52983560882516,27.53,8,2026-04-14 15:20:29.739223721-04:00,N,A,0.37993422252040887
"[' ', 'F', 'I']",62883493853261,27.53,8,2026-04-14 15:20:29.739385862-04:00,T,A,0.37993422252040887
"[' ', 'F', 'I']",62883493853262,27.53,87,2026-04-14 15:20:29.739397939-04:00,T,A,0.37993422252040887
[' '],71761643719991,27.54,100,2026-04-14 15:20:29.739797822-04:00,D,A,0.41639624003675485
[' '],52983845696563,27.53,100,2026-04-14 15:20:29.739812847-04:00,V,A,0.37993422252040887
"[' ', 'I']",71761643719992,27.535,5,2026-04-14 15:20:29.739830938-04:00,D,A,0.39816523127858183
[' '],52983845696566,27.53,100,2026-04-14 15:20:29.739888073-04:00,V,A,0.37993422252040887
[' '],71761643720001,27.53,200,2026-04-14 15:20:29.740056407-04:00,D,A,0.37993422252040887
"[' ', 'I']",71761643720010,27.53,17,2026-04-14 15:20:29.751234059-04:00,D,A,0.37993422252040887
"[' ', 'I']",71761643720011,27.53,83,2026-04-14 15:20:29.751633941-04:00,D,A,0.37993422252040887
"[' ', 'I']",71761643720012,27.53,17,2026-04-14 15:20:29.752030966-04:00,D,A,0.37993422252040887
[' '],71761643720263,27.53,100,2026-04-14 15:20:29.788558919-04:00,D,A,0.37993422252040887
"[' ', 'I']",71761643720264,27.53,25,2026-04-14 15:20:29.788570910-04:00,D,A,0.37993422252040887
"[' ', '4', 'I']",71761643916360,27.525,13,2026-04-14 15:20:32.736292782-04:00,D,A,0.3617032137622229
"[' ', 'F', 'I']",52983592207668,27.53,20,2026-04-14 15:20:34.739956390-04:00,P,A,0.37993422252040887
"[' ', 'F']",52983525626689,27.53,200,2026-04-14 15:20:34.740290307-04:00,K,A,0.37993422252040887
"[' ', 'F', 'I']",52983525626690,27.53,99,2026-04-14 15:20:34.740320315-04:00,K,A,0.37993422252040887
"[' ', 'F', 'I']",52983592207669,27.52,28,2026-04-14 15:20:34.744136564-04:00,P,A,0.34347220500404996
"[' ', 'F', 'I']",52983592207670,27.52,15,2026-04-14 15:20:34.744139440-04:00,P,A,0.34347220500404996
"[' ', 'F', 'I']",52983560882754,27.52,66,2026-04-14 15:20:34.744155172-04:00,N,A,0.34347220500404996
"[' ', 'F', 'I']",52983560882755,27.52,18,2026-04-14 15:20:34.744155172-04:00,N,A,0.34347220500404996
"[' ', 'F', 'I']",52983525626691,27.52,3,2026-04-14 15:20:34.744458303-04:00,K,A,0.34347220500404996
"[' ', 'F', 'I']",52983526025305,27.52,20,2026-04-14 15:20:34.744458303-04:00,Z,A,0.34347220500404996
"[' ', 'F']",52983526025306,27.52,100,2026-04-14 15:20:34.744461167-04:00,Z,A,0.34347220500404996
"[' ', 'F', 'I']",52983526025307,27.52,16,2026-04-14 15:20:34.744464215-04:00,Z,A,0.34347220500404996
"[' ', 'F', 'I']",52983526025308,27.52,3,2026-04-14 15:20:34.744476226-04:00,Z,A,0.34347220500404996
"[' ', 'F', 'I']",52983525168756,27.52,50,2026-04-14 15:20:34.744528012-04:00,J,A,0.34347220500404996
"[' ', 'I']",71761644172357,27.5251,80,2026-04-14 15:20:36.926539554-04:00,D,A,0.3620678339373856
"[' ', 'I']",52983592207940,27.5,10,2026-04-14 15:20:40.660798722-04:00,P,A,0.27054816997134506
"[' ', 'I']",71761644377906,27.5262,3,2026-04-14 15:20:40.931788848-04:00,D,A,0.3660786558641881
"[' ', 'I']",52983845771878,27.515,1,2026-04-14 15:20:47.078444769-04:00,V,A,0.32524119624587694
"[' ', 'I']",52983845771881,27.515,1,2026-04-14 15:20:47.078447759-04:00,V,A,0.32524119624587694
"[' ', 'I']",71761644836697,27.515,2,2026-04-14 15:20:48.927579606-04:00,D,A,0.32524119624587694
"[' ', 'I']",71761658984249,27.53,3,2026-04-14 15:20:51.383492832-04:00,D,A,0.37993422252040887
"[' ', 'I']",71761658988627,27.515,3,2026-04-14 15:20:51.708145577-04:00,D,A,0.32524119624587694
"[' ', 'I']",71761659114569,27.5262,1,2026-04-14 15:20:53.658880316-04:00,D,A,0.3660786558641881
"[' ', 'I']",71761659377739,27.515,64,2026-04-14 15:20:58.663964645-04:00,D,A,0.32524119624587694
"[' ', '4', 'I']",71761660098361,27.5306,7,2026-04-14 15:21:03.416682436-04:00,D,A,0.38212194357138496
"[' ', 'I']",71761660098898,27.5185,8,2026-04-14 15:21:03.473508696-04:00,D,A,0.33800290237659675
"[' ', 'I']",71761660494129,27.532,1,2026-04-14 15:21:10.493217791-04:00,D,A,0.38722662602367547
"[' ', 'I']",71761660494131,27.515,5,2026-04-14 15:21:10.494240222-04:00,D,A,0.32524119624587694
"[' ', 'I']",71675275400015,27.53,1,2026-04-14 15:21:12.630194919-04:00,D,A,0.37993422252040887
"[' ', 'I']",71761660693067,27.515,1,2026-04-14 15:21:14.060880568-04:00,D,A,0.32524119624587694
"[' ', '4', 'I']",71761660949576,27.531,7,2026-04-14 15:21:17.690788425-04:00,D,A,0.3835804242720357
"[' ', '4', 'I']",71761661080884,27.5,1,2026-04-14 15:21:19.659343468-04:00,D,A,0.27054816997134506
"[' ', '4', 'I']",71761661154136,27.5312,1,2026-04-14 15:21:21.724993700-04:00,D,A,0.38430966462236105
"[' ', 'I']",71761661283636,27.5239,1,2026-04-14 15:21:23.610160205-04:00,D,A,0.3576923918354334
"[' ', '4', 'I']",71761661611076,27.5313,47,2026-04-14 15:21:29.139214912-04:00,D,A,0.3846742847975367
"[' ', 'I']",71761675694641,27.5186,1,2026-04-14 15:21:30.549812937-04:00,D,A,0.33836752255175945
"[' ', 'I']",71761675695170,27.53,1,2026-04-14 15:21:30.632672094-04:00,D,A,0.37993422252040887
"[' ', 'I']",71761676029233,27.515,1,2026-04-14 15:21:37.518893438-04:00,D,A,0.32524119624587694
"[' ', 'I']",71761677015350,27.53,1,2026-04-14 15:21:45.730411557-04:00,D,A,0.37993422252040887
"[' ', 'I']",71675275401559,27.515,1,2026-04-14 15:21:45.746075872-04:00,D,A,0.32524119624587694
"[' ', '4', 'I']",71761677276506,27.5319,10,2026-04-14 15:21:50.378708671-04:00,D,A,0.38686200584851277
"[' ', 'I']",52983626936405,27.515,1,2026-04-14 15:21:52.857334915-04:00,D,A,0.32524119624587694
"[' ', '4', 'I']",71761677996363,27.5319,4,2026-04-14 15:22:02.249442518-04:00,D,A,0.38686200584851277
"[' ', '4', 'B']",71761678053446,27.5194,100,2026-04-14 15:22:02.482085377-04:00,D,A,0.34128448395307387
"[' ', 'I']",52983626937667,27.515,1,2026-04-14 15:22:05.960898601-04:00,D,A,0.32524119624587694
"[' ', 'I']",71761678325582,27.5187,1,2026-04-14 15:22:07.311437461-04:00,D,A,0.33873214272692215
"[' ', 'I']",71761678448721,27.515,5,2026-04-14 15:22:08.840914353-04:00,D,A,0.32524119624587694
"[' ', 'I']",71761692480075,27.5319,2,2026-04-14 15:22:10.468677144-04:00,D,A,0.38686200584851277
"[' ', 'I']",71761692543571,27.5196,5,2026-04-14 15:22:11.310173662-04:00,D,A,0.34201372430339927
"[' ', 'B']",71761692612401,27.5293,106,2026-04-14 15:22:12.627991366-04:00,D,A,0.37738188129425715
"[' ', 'I']",71761693657392,27.5288,10,2026-04-14 15:22:22.440346551-04:00,D,A,0.3755587804184437
"[' ', 'I']",71761693722970,27.5197,15,2026-04-14 15:22:23.497840802-04:00,D,A,0.3423783444785619
"[' ', 'I']",71761693725511,27.5287,1,2026-04-14 15:22:23.750788037-04:00,D,A,0.37519416024328106
"[' ', 'I']",71761693789240,27.515,1,2026-04-14 15:22:24.472530119-04:00,D,A,0.32524119624587694
"[' ', 'I']",71761693857355,27.5286,1,2026-04-14 15:22:26.143448707-04:00,D,A,0.37482954006811836
"[' ', 'I']",71761694045510,27.5281,88,2026-04-14 15:22:28.869861883-04:00,D,A,0.373006439192292
"[' ', 'I']",52983526027341,27.52,9,2026-04-14 15:22:31.947069056-04:00,Z,A,0.34347220500404996
"[' ', 'I']",54320220617043,27.515,80,2026-04-14 15:22:31.947180322-04:00,U,A,0.32524119624587694
"[' ', 'I']",71761694510166,27.5207,19,2026-04-14 15:22:36.746045932-04:00,D,A,0.3460245462302017
"[' ', 'I']",71761694510168,27.515,1,2026-04-14 15:22:36.747348007-04:00,D,A,0.32524119624587694
"[' ', '4', 'B']",71761694512203,27.5216,100,2026-04-14 15:22:37.037271104-04:00,D,A,0.3493061278066658
"[' ', '4', 'B']",71761694512205,27.5216,100,2026-04-14 15:22:37.039334081-04:00,D,A,0.3493061278066658
[' '],71761694771546,27.53,100,2026-04-14 15:22:41.004907033-04:00,D,A,0.37993422252040887
"[' ', 'I']",71761694771760,27.515,3,2026-04-14 15:22:41.006167033-04:00,D,A,0.32524119624587694
"[' ', 'I']",71761695098709,27.5224,7,2026-04-14 15:22:45.933949523-04:00,D,A,0.35222308920798023
"[' ', 'I']",71761695098710,27.5224,3,2026-04-14 15:22:45.933988559-04:00,D,A,0.35222308920798023
"[' ', 'I']",71761695098711,27.515,3,2026-04-14 15:22:45.935254579-04:00,D,A,0.32524119624587694
"[' ', 'I']",71761695098928,27.5239,1,2026-04-14 15:22:45.939236007-04:00,D,A,0.3576923918354334
"[' ', 'I']",71761695098929,27.5239,3,2026-04-14 15:22:45.939377340-04:00,D,A,0.3576923918354334
"[' ', 'I']",71761709253689,27.515,2,2026-04-14 15:22:48.996992935-04:00,D,A,0.32524119624587694
"[' ', 'I']",71761709512778,27.5224,1,2026-04-14 15:22:53.663384205-04:00,D,A,0.35222308920798023
"[' ', 'I']",71761709512779,27.515,3,2026-04-14 15:22:53.664716348-04:00,D,A,0.32524119624587694
"[' ', 'I']",71761709585232,27.515,5,2026-04-14 15:22:55.404366518-04:00,D,A,0.32524119624587694
"[' ', 'I']",71761709585235,27.515,1,2026-04-14 15:22:55.405620606-04:00,D,A,0.32524119624587694
"[' ', 'I']",71761710624818,27.5235,21,2026-04-14 15:23:03.476181280-04:00,D,A,0.35623391113476977
"[' ', 'I']",71761710624821,27.515,5,2026-04-14 15:23:03.477444355-04:00,D,A,0.32524119624587694
"[' ', 'I']",71761710700366,27.515,1,2026-04-14 15:23:05.238544580-04:00,D,A,0.32524119624587694
"[' ', 'I']",71761710829905,27.515,1,2026-04-14 15:23:06.901094304-04:00,D,A,0.32524119624587694
"[' ', 'I']",71761710896949,27.53,10,2026-04-14 15:23:08.002986347-04:00,D,A,0.37993422252040887
"[' ', 'B']",71761711018807,27.5247,100,2026-04-14 15:23:09.122623576-04:00,D,A,0.3606093532367349
"[' ', 'I']",71761711023438,27.515,21,2026-04-14 15:23:09.481663287-04:00,D,A,0.32524119624587694
"[' ', 'I']",71761711346262,27.5232,9,2026-04-14 15:23:14.071537341-04:00,D,A,0.3551400506092817
"[' ', 'I']",71761711346264,27.515,5,2026-04-14 15:23:14.072923712-04:00,D,A,0.32524119624587694
"[' ', 'I']",71761711354963,27.515,1,2026-04-14 15:23:14.816521831-04:00,D,A,0.32524119624587694
"[' ', 'I']",71761711673910,27.515,22,2026-04-14 15:23:19.368015553-04:00,D,A,0.32524119624587694
"[' ', 'I']",71761711673913,27.515,5,2026-04-14 15:23:19.369043943-04:00,D,A,0.32524119624587694
"[' ', 'I']",71761711673931,27.515,99,2026-04-14 15:23:19.376465612-04:00,D,A,0.32524119624587694
"[' ', 'F', 'I']",52983560948033,27.53,16,2026-04-14 15:23:19.462825343-04:00,N,A,0.37993422252040887
"[' ', 'F', 'I']",52983592269368,27.53,10,2026-04-14 15:23:19.462825343-04:00,P,A,0.37993422252040887
"[' ', 'F', 'I']",52983560948034,27.53,5,2026-04-14 15:23:19.462831849-04:00,N,A,0.37993422252040887
"[' ', 'F', 'I']",52983592269369,27.53,5,2026-04-14 15:23:19.462831849-04:00,P,A,0.37993422252040887
"[' ', 'F', 'I']",52983592269377,27.53,35,2026-04-14 15:23:19.462831849-04:00,P,A,0.37993422252040887
"[' ', 'F', 'I']",52983560948035,27.53,5,2026-04-14 15:23:19.462834323-04:00,N,A,0.37993422252040887
"[' ', 'F', 'I']",52983560948036,27.53,1,2026-04-14 15:23:19.462837288-04:00,N,A,0.37993422252040887
"[' ', 'F']",52983525627996,27.53,500,2026-04-14 15:23:19.463134956-04:00,K,A,0.37993422252040887
"[' ', 'F', 'I']",52983526028124,27.53,12,2026-04-14 15:23:19.463134956-04:00,Z,A,0.37993422252040887
"[' ', 'F', 'I']",62883495897156,27.53,35,2026-04-14 15:23:19.463294304-04:00,T,A,0.37993422252040887
"[' ', 'F']",62883495897157,27.53,100,2026-04-14 15:23:19.463297402-04:00,T,A,0.37993422252040887
"[' ', 'F', 'I']",62883495897158,27.53,1,2026-04-14 15:23:19.463300328-04:00,T,A,0.37993422252040887
"[' ', 'F']",62883495897159,27.53,100,2026-04-14 15:23:19.463303459-04:00,T,A,0.37993422252040887
"[' ', 'F']",62883495897160,27.53,100,2026-04-14 15:23:19.463303459-04:00,T,A,0.37993422252040887
"[' ', 'I']",71761711674689,27.53,21,2026-04-14 15:23:19.463670187-04:00,D,A,0.37993422252040887
[' '],52983525627997,27.54,100,2026-04-14 15:23:19.464094251-04:00,K,A,0.41639624003675485
"[' ', 'I']",71761711674690,27.535,2,2026-04-14 15:23:19.464626522-04:00,D,A,0.39816523127858183
"[' ', 'I']",71761711675457,27.53,7,2026-04-14 15:23:19.513267294-04:00,D,A,0.37993422252040887
"[' ', 'I']",52983592269384,27.53,4,2026-04-14 15:23:19.525491360-04:00,P,A,0.37993422252040887
[' '],71761711679302,27.535,100,2026-04-14 15:23:19.724905059-04:00,D,A,0.39816523127858183
"[' ', 'I']",71761711679303,27.535,34,2026-04-14 15:23:19.724968276-04:00,D,A,0.39816523127858183
"[' ', 'I']",52983592269385,27.54,4,2026-04-14 15:23:20.263415025-04:00,P,A,0.41639624003675485
"[' ', 'I']",52983846689376,27.54,1,2026-04-14 15:23:20.271233660-04:00,V,A,0.41639624003675485
"[' ', 'I']",52983846689373,27.54,1,2026-04-14 15:23:20.271233660-04:00,V,A,0.41639624003675485
"[' ', 'I']",52983526028129,27.54,3,2026-04-14 15:23:20.559069759-04:00,Z,A,0.41639624003675485
"[' ', 'I']",52983526028130,27.54,1,2026-04-14 15:23:20.559069759-04:00,Z,A,0.41639624003675485
"[' ', 'I']",52983526028131,27.54,16,2026-04-14 15:23:20.559075796-04:00,Z,A,0.41639624003675485
"[' ', 'I']",52983526274375,27.53,3,2026-04-14 15:23:20.568307806-04:00,C,A,0.37993422252040887
"[' ', 'I']",52983560948048,27.53,2,2026-04-14 15:23:20.892133619-04:00,N,A,0.37993422252040887
[' '],52983560948049,27.53,115,2026-04-14 15:23:20.892136625-04:00,N,A,0.37993422252040887
"[' ', 'I']",71761711746113,27.53,39,2026-04-14 15:23:20.893002726-04:00,D,A,0.37993422252040887
"[' ', 'I']",71761711746384,27.53,69,2026-04-14 15:23:20.930144192-04:00,D,A,0.37993422252040887
"[' ', '4', 'I']",71761711809362,27.5285,1,2026-04-14 15:23:21.726578074-04:00,D,A,0.3744649198929557
"[' ', 'I']",71761711880266,27.535,2,2026-04-14 15:23:22.931215693-04:00,D,A,0.39816523127858183
[' '],52983560948273,27.54,100,2026-04-14 15:23:23.591353093-04:00,N,A,0.41639624003675485
"[' ', 'F', 'I']",52983560948274,27.54,4,2026-04-14 15:23:23.591407160-04:00,N,A,0.41639624003675485
"[' ', 'F', 'I']",52983525169250,27.54,50,2026-04-14 15:23:23.591729003-04:00,J,A,0.41639624003675485
"[' ', 'F', 'I']",52983526028349,27.54,67,2026-04-14 15:23:23.591732060-04:00,Z,A,0.41639624003675485
"[' ', 'F', 'I']",62883508543043,27.54,47,2026-04-14 15:23:23.591900369-04:00,T,A,0.41639624003675485
"[' ', '4', 'I']",71761726026065,27.5298,18,2026-04-14 15:23:24.802970343-04:00,D,A,0.3792049821700835
"[' ', '4', 'I']",71761726026066,27.5299,12,2026-04-14 15:23:24.803054513-04:00,D,A,0.37956960234524617
"[' ', '4', 'I']",71761726026067,27.5309,6,2026-04-14 15:23:24.803060527-04:00,D,A,0.383215804096873
"[' ', '4', 'I']",71761726026068,27.5299,14,2026-04-14 15:23:24.803069534-04:00,D,A,0.37956960234524617
"[' ', 'I']",52983560948537,27.54,3,2026-04-14 15:23:24.862394811-04:00,N,A,0.41639624003675485
[' '],71761726091575,27.5455,400,2026-04-14 15:23:25.875596677-04:00,D,A,0.4364503496707542
"[' ', '4', 'I']",71761726162002,27.5323,5,2026-04-14 15:23:27.242259996-04:00,D,A,0.3883204865491635
"[' ', 'I']",52983560948821,27.54,3,2026-04-14 15:23:29.887230255-04:00,N,A,0.41639624003675485
"[' ', '4', 'I']",71761726428472,27.5263,43,2026-04-14 15:23:31.646679595-04:00,D,A,0.3664432760393508
"[' ', 'I']",52983560949318,27.54,3,2026-04-14 15:23:34.899011677-04:00,N,A,0.41639624003675485
"[' ', 'F', 'I']",52983525290313,27.54,25,2026-04-14 15:23:37.078852718-04:00,M,A,0.41639624003675485
"[' ', 'I']",71761727214166,27.541,49,2026-04-14 15:23:37.114475581-04:00,D,A,0.42004244178839456
"[' ', 'I']",52983560949585,27.54,3,2026-04-14 15:23:40.126141700-04:00,N,A,0.41639624003675485
"[' ', 'I']",71761727407187,27.545,17,2026-04-14 15:23:40.133419119-04:00,D,A,0.43462724879494075
[' '],52983560949586,27.545,109,2026-04-14 15:23:40.363906422-04:00,N,A,0.43462724879494075
[' '],71761727474772,27.54,609,2026-04-14 15:23:41.691902939-04:00,D,A,0.41639624003675485
"[' ', '4', 'I']",71761727607609,27.5342,1,2026-04-14 15:23:44.341450245-04:00,D,A,0.39524826987726747
"[' ', 'I']",52983560949825,27.54,3,2026-04-14 15:23:44.393425926-04:00,N,A,0.41639624003675485
"[' ', '4', 'B']",71761727732036,27.5342,100,2026-04-14 15:23:46.031701780-04:00,D,A,0.39524826987726747
[' '],71761727738202,27.545,100,2026-04-14 15:23:46.696825261-04:00,D,A,0.43462724879494075
"[' ', 'I']",52983846828619,27.545,50,2026-04-14 15:23:46.696981421-04:00,V,A,0.43462724879494075
"[' ', 'I']",71761727738418,27.545,57,2026-04-14 15:23:46.697847490-04:00,D,A,0.43462724879494075
"[' ', 'I']",71761727802452,27.545,5,2026-04-14 15:23:47.698915540-04:00,D,A,0.43462724879494075
"[' ', '4', 'B']",71761727861081,27.5257,100,2026-04-14 15:23:48.217106083-04:00,D,A,0.36425555498837464
"[' ', 'I']",52983846878045,27.54,2,2026-04-14 15:23:48.701673578-04:00,V,A,0.41639624003675485
"[' ', 'I']",71761727932492,27.545,2,2026-04-14 15:23:49.702377807-04:00,D,A,0.43462724879494075
"[' ', 'I']",71761727932993,27.5257,6,2026-04-14 15:23:49.760214429-04:00,D,A,0.36425555498837464
"[' ', 'I']",52983846885454,27.54,3,2026-04-14 15:23:53.684571260-04:00,V,A,0.41639624003675485
[' '],71761728260164,27.548,620,2026-04-14 15:23:54.887530847-04:00,D,A,0.4455658540498342
"[' ', 'I']",52983525628231,27.54,1,2026-04-14 15:23:54.890652308-04:00,K,A,0.41639624003675485
"[' ', 'I']",52983592272441,27.545,20,2026-04-14 15:23:55.498164531-04:00,P,A,0.43462724879494075
[' '],52983560950328,27.55,100,2026-04-14 15:23:55.845031224-04:00,N,A,0.4528582575531137
"[' ', 'I']",62883508930880,27.55,4,2026-04-14 15:23:55.845286832-04:00,T,A,0.4528582575531137
"[' ', 'I']",71761728325169,27.55,3,2026-04-14 15:23:55.853854256-04:00,D,A,0.4528582575531137
"[' ', 'F', 'I']",52983560950329,27.55,6,2026-04-14 15:23:55.933896122-04:00,N,A,0.4528582575531137
"[' ', 'F', 'I']",52983526028651,27.55,43,2026-04-14 15:23:55.933899149-04:00,Z,A,0.4528582575531137
"[' ', 'F', 'I']",52983526028652,27.55,48,2026-04-14 15:23:55.933901820-04:00,Z,A,0.4528582575531137
"[' ', 'F', 'I']",52983592272449,27.55,12,2026-04-14 15:23:55.933901820-04:00,P,A,0.4528582575531137
"[' ', 'F', 'I']",52983560950337,27.55,10,2026-04-14 15:23:55.933904787-04:00,N,A,0.4528582575531137
"[' ', 'F']",52983526028653,27.55,200,2026-04-14 15:23:55.933907831-04:00,Z,A,0.4528582575531137
"[' ', 'F', 'I']",62883508931138,27.55,8,2026-04-14 15:23:55.934154311-04:00,T,A,0.4528582575531137
"[' ', 'F', 'I']",62883508931139,27.55,2,2026-04-14 15:23:55.934157687-04:00,T,A,0.4528582575531137
"[' ', 'F']",62883508931140,27.55,100,2026-04-14 15:23:55.934157687-04:00,T,A,0.4528582575531137
"[' ', 'F', 'I']",62883508931141,27.55,11,2026-04-14 15:23:55.934161062-04:00,T,A,0.4528582575531137
"[' ', 'I']",52983525628236,27.555,39,2026-04-14 15:23:55.934397914-04:00,K,A,0.4710892663112867
"[' ', 'I']",52983846889782,27.55,21,2026-04-14 15:23:55.934503258-04:00,V,A,0.4528582575531137
"[' ', 'I']",71761728523831,27.55,3,2026-04-14 15:23:59.128123597-04:00,D,A,0.4528582575531137
[' '],52983560950581,27.56,100,2026-04-14 15:24:00.286983190-04:00,N,A,0.4893202750694597
"[' ', 'I']",71761728653876,27.55,1,2026-04-14 15:24:01.289648031-04:00,D,A,0.4528582575531137
"[' ', 'I']",71761728657477,27.555,4,2026-04-14 15:24:01.699189959-04:00,D,A,0.4710892663112867
"[' ', 'I']",71761728778564,27.5599,3,2026-04-14 15:24:02.903030653-04:00,D,A,0.488955654894297
"[' ', '4', 'I']",71761728788290,27.5389,8,2026-04-14 15:24:03.995756817-04:00,D,A,0.4123854181099653
"[' ', '4', 'I']",71761728788297,27.5402,3,2026-04-14 15:24:04.001172733-04:00,D,A,0.41712548038708014
"[' ', '4', 'I']",71761728788298,27.54,2,2026-04-14 15:24:04.001235869-04:00,D,A,0.41639624003675485
"[' ', '4', 'I']",71761728788299,27.5401,2,2026-04-14 15:24:04.001244870-04:00,D,A,0.41676086021191755
"[' ', '4', 'I']",71761728788300,27.539,5,2026-04-14 15:24:04.001305055-04:00,D,A,0.412750038285128
"[' ', 'I']",71761728788301,27.555,2,2026-04-14 15:24:04.001647861-04:00,D,A,0.4710892663112867
"[' ', 'I']",71761728788305,27.555,2,2026-04-14 15:24:04.006781011-04:00,D,A,0.4710892663112867
"[' ', '4', 'B']",71761742875959,27.5278,100,2026-04-14 15:24:05.909647780-04:00,D,A,0.37191257866680394
"[' ', 'I']",71761742944341,27.555,1,2026-04-14 15:24:07.642113872-04:00,D,A,0.4710892663112867
"[' ', 'I']",71761742944579,27.55,5,2026-04-14 15:24:07.653547023-04:00,D,A,0.4528582575531137
"[' ', 'I']",71761743070520,27.55,1,2026-04-14 15:24:09.155072427-04:00,D,A,0.4528582575531137
"[' ', 'I']",62879149677113,27.55,3,2026-04-14 15:24:12.681125149-04:00,B,A,0.4528582575531137
"[' ', 'I']",71761743270728,27.555,2,2026-04-14 15:24:12.681834807-04:00,D,A,0.4710892663112867
"[' ', 'I']",62879149677376,27.55,3,2026-04-14 15:24:15.266307046-04:00,B,A,0.4528582575531137
[' '],71761743984451,27.5505,733,2026-04-14 15:24:16.467477495-04:00,D,A,0.45468135842892715
"[' ', 'I']",71761743984452,27.555,76,2026-04-14 15:24:16.469050164-04:00,D,A,0.4710892663112867
"[' ', 'I']",71761743990608,27.5406,2,2026-04-14 15:24:17.026342723-04:00,D,A,0.4185839610877439
"[' ', 'I']",71761744119859,27.555,8,2026-04-14 15:24:19.365731576-04:00,D,A,0.4710892663112867
"[' ', '4', 'I']",71761744320846,27.5407,2,2026-04-14 15:24:23.752003001-04:00,D,A,0.4189485812629065
"[' ', 'I']",71761744573234,27.5407,6,2026-04-14 15:24:27.301878411-04:00,D,A,0.4189485812629065
"[' ', 'I']",71761744573235,27.555,2,2026-04-14 15:24:27.302991039-04:00,D,A,0.4710892663112867
"[' ', 'I']",52983560951344,27.55,13,2026-04-14 15:24:29.765369688-04:00,N,A,0.4528582575531137
[' '],52983560951345,27.55,600,2026-04-14 15:24:29.765375820-04:00,N,A,0.4528582575531137
"[' ', 'F', 'I']",62879149678190,27.55,1,2026-04-14 15:24:29.765411804-04:00,B,A,0.4528582575531137
"[' ', 'I']",52983560951346,27.55,38,2026-04-14 15:24:29.765444776-04:00,N,A,0.4528582575531137
[' '],62883509321820,27.55,100,2026-04-14 15:24:29.765453775-04:00,T,A,0.4528582575531137
"[' ', 'F', 'I']",52983560951347,27.55,16,2026-04-14 15:24:29.765468856-04:00,N,A,0.4528582575531137
"[' ', 'I']",62879149678191,27.55,93,2026-04-14 15:24:29.765474881-04:00,B,A,0.4528582575531137
"[' ', 'I']",52983526029134,27.55,20,2026-04-14 15:24:29.765477899-04:00,Z,A,0.4528582575531137
"[' ', 'F', 'I']",52983525290315,27.55,8,2026-04-14 15:24:29.765766751-04:00,M,A,0.4528582575531137
"[' ', 'F', 'I']",52983525290314,27.55,8,2026-04-14 15:24:29.765766751-04:00,M,A,0.4528582575531137
"[' ', 'F', 'I']",52983560951348,27.55,21,2026-04-14 15:24:29.765778680-04:00,N,A,0.4528582575531137
"[' ', 'I']",62883509321821,27.55,60,2026-04-14 15:24:29.766636329-04:00,T,A,0.4528582575531137
"[' ', 'I']",62883509321822,27.55,60,2026-04-14 15:24:29.766638725-04:00,T,A,0.4528582575531137
