block_price,block_time,market_price,direction,reached_1d,pct_toward_1d,close_1d,reached_3d,pct_toward_3d,close_3d,reached_1w,pct_toward_1w,close_1w,reached_2w,pct_toward_2w,close_2w,reached_1mo,pct_toward_1mo,close_1mo,event_idx,ticker,trade_date,size,deviation,dollar_value,exchange
597.0261,2025-06-16 15:19:16.049485511-04:00,602.13,below_market,True,100.0,597.7399,True,100.0,597.29,True,100.0,598.67,True,100.0,617.175,True,100.0,623.99,0,SPY,2025-06-16,1511773,0.0081469606100375,902567938.2753,D
634.46,2025-07-30 18:30:00.000755890-04:00,638.859,below_market,True,100.0,631.21,True,100.0,621.23,True,100.0,634.0,True,100.0,644.48,True,100.0,645.04,1,SPY,2025-07-30,701684,0.0062028131950752,445190430.6400001,P
628.0228,2025-08-06 11:45:17.469734978-04:00,632.765,below_market,False,31.72999873476338,631.37,False,77.07393193032671,638.6,False,77.07393193032671,644.07,False,77.07393193032671,636.01,False,77.07393193032671,646.4,2,SPY,2025-08-06,796447,0.0064109480678718,500186874.9916,D
628.0228,2025-08-06 14:02:32.943351476-04:00,632.825,below_market,False,65.28257881804039,630.725,False,77.36037649410618,638.6,False,77.36037649410618,643.785,False,77.36037649410618,636.17,False,77.36037649410618,645.035,3,SPY,2025-08-06,1590874,0.007128966261159,999105143.9272,D
632.1468,2025-08-08 16:21:00.768898076-04:00,638.1301,below_market,False,3.6785720254709395,638.6,False,57.99642337840339,635.46,False,57.99642337840339,642.8799,False,86.5759697825604,645.5503,False,86.5759697825604,645.96,4,SPY,2025-08-08,781100,0.009407192666301,493769865.48,D
646.9694,2025-08-15 11:09:24.215836949-04:00,643.84,above_market,False,33.233207643637456,643.2294,False,33.233207643637456,643.3,False,77.65066785965404,645.715,True,100.0,644.64,True,100.0,657.25,5,SPY,2025-08-15,1000000,0.0052952196029097,646969400.0,D
652.2168,2025-09-11 10:44:36.054557749-04:00,656.7,below_market,False,11.375802997858441,657.8007,False,11.375802997858441,657.25,False,53.53319057816036,663.5,False,53.53319057816036,658.74,True,100.0,652.15,6,SPY,2025-09-11,753995,0.0070990135184507,491768206.116,D
659.2254,2025-09-18 10:13:27.942389736-04:00,664.1,below_market,False,91.90497681861139,662.075,False,91.90497681861139,663.47,True,100.0,657.99,True,100.0,668.63,True,100.0,665.28,7,SPY,2025-09-18,577633,0.0065772540273361,380790345.4782,D
659.2254,2025-09-18 15:00:28.696874101-04:00,663.36,below_market,False,90.45615053451432,663.115,False,90.45615053451432,663.47,True,100.0,657.77,True,100.0,669.56,True,100.0,665.28,8,SPY,2025-09-18,502159,0.0061279380060002,331035967.6386,D
661.1969,2025-09-25 14:02:45.783221197-04:00,655.19,above_market,True,100.0,661.42,True,100.0,662.11,True,100.0,669.0,True,100.0,669.71,True,100.0,677.3,9,SPY,2025-09-25,761376,0.0097538217192774,503419450.9344,D
671.2084,2025-10-10 16:41:20.064978298-04:00,653.73,above_market,False,0.2288538996702427,652.15,False,65.22336140607837,662.6606,False,94.40223361406098,664.95,True,100.0,677.06,True,100.0,672.36,10,SPY,2025-10-10,918100,0.0264073318086256,616236432.04,D
660.7104,2025-10-17 16:29:03.711424011-04:00,665.09,below_market,False,15.983194812312728,665.28,False,15.983194812312728,671.73,False,40.87131244862738,677.14,False,40.87131244862738,681.59,False,88.70673120832969,673.34,11,SPY,2025-10-17,1138446,0.0066148456646268,752183112.0384,D
664.1977,2025-10-20 12:04:25.108240410-04:00,670.48,below_market,False,7.942950830110414,672.44,True,100.0,670.5,True,100.0,683.705,True,100.0,682.3,True,100.0,663.05,12,SPY,2025-10-20,760189,0.0095305796935468,504915785.36530006,D
671.3135,2025-10-22 15:04:17.170375400-04:00,667.2,above_market,True,100.0,672.5901,True,100.0,677.3,True,100.0,684.73,True,100.0,680.22,True,100.0,663.13,13,SPY,2025-10-22,1118271,0.0076604974407468,750710418.9585,D
671.6534,2025-10-24 16:57:32.491243198-04:00,677.03,below_market,False,1.3019380277487096,677.3,False,1.3019380277487096,685.74,False,1.3019380277487096,682.0,True,100.0,670.94,True,100.0,660.1375,14,SPY,2025-10-24,1000000,0.0078535237898281,671653400.0,D
680.02,2025-10-30 16:58:48.468602953-04:00,684.0034,below_market,True,100.0,682.0,True,100.0,681.7501,True,100.0,670.27,True,100.0,672.06,True,100.0,683.54,15,SPY,2025-10-30,660000,0.005629724947724,448813200.0,D
679.83,2025-10-30 18:30:00.000746799-04:00,684.0,below_market,True,100.0,682.06,True,100.0,681.7501,True,100.0,671.66,True,100.0,671.95,True,100.0,683.54,16,SPY,2025-10-30,1135993,0.0063579759712355,772282121.19,P
662.63,2025-11-19 18:30:00.000758050-05:00,668.9799,below_market,True,100.0,653.13,True,100.0,660.1375,True,100.0,680.1205,True,100.0,684.03,True,100.0,681.28,17,SPY,2025-11-19,909665,0.0085583900650857,602771318.95,P
654.6585,2025-11-21 11:51:28.548517826-05:00,660.64,below_market,False,62.86048650004182,660.1375,False,62.86048650004182,668.02,False,62.86048650004182,682.76,False,62.86048650004182,686.25,False,62.86048650004182,681.4505,18,SPY,2025-11-21,500000,0.0056525107081016,327329250.0,D
674.715,2025-11-28 13:12:52.685410003-05:00,683.07,below_market,True,100.0,683.54,True,100.0,682.63,True,100.0,686.28,True,100.0,683.65,True,100.0,689.91,19,SPY,2025-11-28,500000,0.012072449338175,337357500.0,D
673.15,2025-11-28 14:15:45.176634729-05:00,683.22,below_market,False,2.1847070506457418,683.54,False,54.716981132075105,681.515,False,54.716981132075105,685.96,False,54.716981132075105,681.65,True,100.0,689.91,20,SPY,2025-11-28,500000,0.0144938145084546,336575000.0,D
673.715,2025-11-28 14:17:42.202093450-05:00,683.22,below_market,False,2.3145712782748804,683.54,False,57.96948974224085,681.515,False,57.96948974224085,685.96,False,57.96948974224085,681.65,True,100.0,689.91,21,SPY,2025-11-28,500000,0.0136522019208244,336857500.0,D
673.715,2025-11-28 14:19:48.268979692-05:00,683.22,below_market,False,2.3145712782748804,683.54,False,57.96948974224085,681.515,False,57.96948974224085,685.96,False,57.96948974224085,681.65,True,100.0,689.91,22,SPY,2025-11-28,500000,0.0136522019208244,336857500.0,D
688.9979,2025-12-12 10:21:59.378139282-05:00,683.75,above_market,False,35.442748527983156,681.8874,False,40.39711122544296,679.84,False,40.39711122544296,679.11,True,100.0,690.61,True,100.0,694.48,23,SPY,2025-12-12,502305,0.0052494901151867,346087090.1595,D
688.9979,2025-12-12 10:29:00.538687689-05:00,684.31,above_market,False,27.730966957487666,681.8874,False,33.27716034898472,679.82,False,33.27716034898472,679.19,True,100.0,690.735,True,100.0,694.48,24,SPY,2025-12-12,502305,0.0073657816246562,346087090.1595,D
680.72,2025-12-16 14:07:09.188418445-05:00,676.15,above_market,True,100.0,672.39,True,100.0,680.42,True,100.0,687.7412,True,100.0,687.63,True,100.0,694.48,25,SPY,2025-12-16,502204,0.0061338811948504,341860306.88,D
679.1137,2025-12-17 13:56:56.032101526-05:00,672.29,above_market,True,100.0,678.275,True,100.0,681.4505,True,100.0,689.95,True,100.0,685.84,True,100.0,692.64,26,SPY,2025-12-17,992757,0.0099696613673205,674194879.4708999,D
671.2689,2025-12-18 10:26:23.377839308-05:00,679.56,below_market,False,65.1300792415968,679.19,False,65.1300792415968,681.4505,False,65.1300792415968,689.56,False,65.1300792415968,682.5,False,65.1300792415968,691.42,27,SPY,2025-12-18,502103,0.0110510187545117,337046128.4967,D
671.2689,2025-12-18 12:07:28.439012208-05:00,676.44,below_market,False,44.09119916458927,680.1121,False,44.09119916458927,681.4505,False,44.09119916458927,689.56,False,44.09119916458927,682.5,False,44.09119916458927,691.42,28,SPY,2025-12-18,502103,0.009723394211194,337046128.4967,D
676.7671,2025-12-19 12:17:13.563687865-05:00,680.8,below_market,False,29.507302437451028,681.4505,False,29.507302437451028,684.84,False,29.507302437451028,689.55,False,29.507302437451028,682.16,False,29.507302437451028,691.42,29,SPY,2025-12-19,2194000,0.0054709106673132,1484827017.4,D
680.5868,2025-12-22 14:46:23.426275050-05:00,684.68,below_market,False,33.225837975176624,687.83,False,33.225837975176624,689.56,False,33.225837975176624,688.11,True,100.0,687.805,True,100.0,688.22,30,SPY,2025-12-22,589647,0.0061742222352022,401305964.8596,D
680.5868,2025-12-22 15:12:46.959982107-05:00,684.995,below_market,False,37.997368540446615,687.885,False,37.997368540446615,689.56,False,37.997368540446615,688.48,True,100.0,688.13,True,100.0,687.12,31,SPY,2025-12-22,589589,0.0061669660197717,401266490.8252,D
689.6022,2026-01-09 16:33:55.397075542-05:00,693.93,below_market,True,100.0,694.48,True,100.0,695.34,True,100.0,691.72,True,100.0,688.16,True,100.0,690.6162,32,SPY,2026-01-09,1335600,0.0061650429469071,921032698.32,D
693.8932,2026-01-14 14:43:24.666060311-05:00,688.27,above_market,True,100.0,693.39,True,100.0,691.42,True,100.0,687.24,True,100.0,694.69,True,100.0,683.66,33,SPY,2026-01-14,500000,0.0080821698894424,346946600.0,D
694.6235,2026-01-30 15:05:59.847368391-05:00,690.015,above_market,False,61.00032548551493,690.49,True,100.0,696.295,True,100.0,689.605,True,100.0,683.127,True,100.0,683.69,34,SPY,2026-01-30,1439628,0.0058260932522444,999999440.058,D
692.1181,2026-02-12 15:51:09.162849999-05:00,681.29,above_market,False,46.08380048207885,681.44,False,46.08380048207885,680.9499,False,72.58891218219233,683.95,True,100.0,688.99,True,100.0,663.052,35,SPY,2026-02-12,504210,0.0165799098159599,348972867.20100003,D
682.3857,2026-02-20 11:24:59.877119907-05:00,686.13,below_market,False,54.749886494137236,689.59,True,100.0,681.79,True,100.0,685.81,True,100.0,674.425,True,100.0,653.28,36,SPY,2026-02-20,1000000,0.0066408267530156,682385700.0,D
662.3037,2026-03-16 12:21:20.482362493-04:00,667.45,below_market,False,40.0287585255438,671.48,True,100.0,657.54,True,100.0,655.68,True,100.0,635.8,False,,,37,SPY,2026-03-16,1509881,0.0091800311172281,999999772.8597,D
656.8393,2026-03-20 10:51:53.344672947-04:00,652.12,above_market,True,100.0,653.28,True,100.0,660.9,True,100.0,639.5466,True,100.0,655.92,False,,,38,SPY,2026-03-20,1000000,0.0070592654488029,656839300.0,D
656.8393,2026-03-20 10:59:51.654191130-04:00,652.02,above_market,True,100.0,653.28,True,100.0,661.05,True,100.0,640.19,True,100.0,655.92,False,,,39,SPY,2026-03-20,963800,0.0072368582469483,633061717.34,D
648.57,2026-03-20 18:30:00.000835581-04:00,654.19,below_market,False,21.174377224200242,653.28,True,100.0,655.97,True,100.0,633.14,True,100.0,655.92,False,,,40,SPY,2026-03-20,3301159,0.0082875884952368,2141032692.63,P
648.0975,2026-03-23 15:20:48.442457380-04:00,657.33,below_market,False,80.69320335770362,655.05,True,100.0,646.125,True,100.0,629.88,True,100.0,657.9701,False,,,41,SPY,2026-03-23,507467,0.0144802469511268,328888094.03249997,D
653.18,2026-03-24 18:30:00.000779702-04:00,657.47,below_market,False,75.29137529137437,655.67,True,100.0,633.14,True,100.0,650.25,True,100.0,666.74,False,,,42,SPY,2026-03-24,1225686,0.0060866124958154,800593581.4799999,P
659.22,2026-04-07 18:30:00.000784201-04:00,670.0,below_market,False,37.19851576994435,675.25,False,37.19851576994435,680.15,False,,,False,,,False,,,43,SPY,2026-04-07,1029811,0.0082420826886173,678872007.4200001,P
659.3078,2026-04-08 14:53:44.687902313-04:00,672.94,below_market,False,1.173691700533162,679.06,False,1.173691700533162,680.65,False,,,False,,,False,,,44,SPY,2026-04-08,1000000,0.0217259440611321,659307800.0,D
592.71,2025-06-02 16:00:00.273316494-04:00,582.68,above_market,False,75.77268195413717,589.31,False,94.71585244267116,586.3,True,100.0,592.85,True,100.0,595.82,True,100.0,615.2,45,SPY,2025-06-02,874420,0.0172135649069816,518277478.2000001,P
592.71,2025-06-02 16:10:00.000747996-04:00,582.68,above_market,False,75.77268195413717,589.31,False,94.71585244267116,586.3,True,100.0,592.85,True,100.0,595.82,True,100.0,615.2,46,SPY,2025-06-02,874420,0.0172135649069816,518277478.2000001,P
596.09,2025-06-03 16:00:00.288398949-04:00,585.96,above_market,False,51.13524185587317,589.15,False,79.26949654491585,592.32,True,100.0,596.22,True,100.0,590.73,True,100.0,620.05,47,SPY,2025-06-03,829358,0.0172878694791453,494372010.22,P
596.09,2025-06-03 16:10:00.000882451-04:00,585.96,above_market,False,51.13524185587317,589.15,False,79.26949654491585,592.32,True,100.0,596.22,True,100.0,590.73,True,100.0,620.05,48,SPY,2025-06-03,829358,0.0172878694791453,494372010.22,P
750.33,2026-06-16 16:00:00.218233592-04:00,754.83,below_market,False,0.0,,False,0.0,,False,0.0,,False,0.0,,False,0.0,,49,SPY,2026-06-16,1842771,0.0059616072493144,1382686364.43,P
750.0578,2026-06-16 16:09:36.841982088-04:00,754.83,below_market,False,0.0,,False,0.0,,False,0.0,,False,0.0,,False,0.0,,50,SPY,2026-06-16,615300,0.0063222182478173,461510564.34,D
750.0572,2026-06-16 16:10:54.864176247-04:00,754.83,below_market,False,0.0,,False,0.0,,False,0.0,,False,0.0,,False,0.0,,51,SPY,2026-06-16,8645161,0.006323013128784,6484365253.2092,D
750.0322,2026-06-16 16:16:42.353743104-04:00,754.83,below_market,False,0.0,,False,0.0,,False,0.0,,False,0.0,,False,0.0,,52,SPY,2026-06-16,3013668,0.006356133169058,2260348040.1096,D
597.55,2025-06-04 09:45:47.520150291-04:00,589.31,above_market,False,34.83009708737866,586.3,False,61.89320388349535,592.85,True,100.0,594.52,True,100.0,590.64,True,100.0,615.43,53,SPY,2025-06-04,645000,0.0139824540564389,385419750.0,M
595.93,2025-06-04 16:00:00.288394860-04:00,589.31,above_market,False,43.35347432024173,586.3,False,77.03927492447158,592.85,True,100.0,594.52,True,100.0,590.64,True,100.0,615.43,54,SPY,2025-06-04,1185366,0.0112334764385467,706395160.38,P
595.93,2025-06-04 16:10:00.000785883-04:00,589.31,above_market,False,43.35347432024173,586.3,False,77.03927492447158,592.85,True,100.0,594.52,True,100.0,590.64,True,100.0,615.43,55,SPY,2025-06-04,1185366,0.0112334764385467,706395160.38,P
593.05,2025-06-05 16:00:00.251583800-04:00,589.15,above_market,True,100.0,592.32,True,100.0,596.22,True,100.0,596.88,True,100.0,589.25,True,100.0,615.09,56,SPY,2025-06-05,1164139,0.0066197063566154,690392633.9499999,P
593.05,2025-06-05 16:10:00.000825700-04:00,589.15,above_market,True,100.0,592.32,True,100.0,596.22,True,100.0,596.88,True,100.0,589.25,True,100.0,615.09,57,SPY,2025-06-05,1164139,0.0066197063566154,690392633.9499999,P
597.645,2025-06-06 13:11:20.867271312-04:00,586.3,above_market,False,71.48523578669011,592.85,True,100.0,594.52,True,100.0,590.21,True,100.0,595.07,True,100.0,618.78,58,SPY,2025-06-06,1200000,0.0193501620330889,717174000.0,D
597.645,2025-06-06 13:20:13.957144324-04:00,586.3,above_market,False,71.48523578669011,592.85,True,100.0,594.52,True,100.0,590.21,True,100.0,595.07,True,100.0,618.78,59,SPY,2025-06-06,1200000,0.0193501620330889,717174000.0,D
599.14,2025-06-06 16:00:00.203225586-04:00,586.3,above_market,False,63.16199376947036,592.85,False,92.44548286604342,594.52,False,92.44548286604342,590.21,False,92.44548286604342,595.07,True,100.0,618.78,60,SPY,2025-06-06,1275672,0.0219000511683439,764306122.0799999,P
599.14,2025-06-06 16:10:00.000732303-04:00,586.3,above_market,False,63.16199376947036,592.85,False,92.44548286604342,594.52,False,92.44548286604342,590.21,False,92.44548286604342,595.07,True,100.0,618.78,61,SPY,2025-06-06,1275672,0.0219000511683439,764306122.0799999,P
600.68,2025-06-09 15:16:31.414725388-04:00,592.32,above_market,False,51.19617224880412,596.22,False,69.97607655502367,596.88,False,69.97607655502367,595.82,True,100.0,601.65,True,100.0,620.53,62,SPY,2025-06-09,500000,0.0141139924365206,300340000.0,M
599.68,2025-06-09 16:00:00.392779837-04:00,592.32,above_market,False,58.1521739130439,596.22,False,79.48369565217376,596.88,False,79.48369565217376,595.82,True,100.0,601.65,True,100.0,620.53,63,SPY,2025-06-09,674825,0.0124257158292813,404679056.0,P
599.68,2025-06-09 16:10:00.000766784-04:00,592.32,above_market,False,58.1521739130439,596.22,False,79.48369565217376,596.88,False,79.48369565217376,595.82,True,100.0,601.65,True,100.0,620.53,64,SPY,2025-06-09,674825,0.0124257158292813,404679056.0,P
603.08,2025-06-10 16:00:00.235681379-04:00,592.85,above_market,False,52.00391006842548,594.52,False,52.00391006842548,590.21,False,52.00391006842548,590.73,True,100.0,601.98,True,100.0,618.35,65,SPY,2025-06-10,1236881,0.0172556295858986,745938193.48,P
602.9944,2025-06-10 16:10:48.208175893-04:00,592.85,above_market,False,52.442727021804416,594.52,False,52.442727021804416,590.21,False,52.442727021804416,590.73,True,100.0,601.98,True,100.0,618.35,66,SPY,2025-06-10,1312000,0.0171112423041241,791128652.8000001,D
602.9869,2025-06-10 16:15:25.595422447-04:00,592.85,above_market,False,52.48152788327746,594.52,False,52.48152788327746,590.21,False,52.48152788327746,590.73,True,100.0,601.98,True,100.0,618.35,67,SPY,2025-06-10,531400,0.0170985915492957,320427238.66,D
604.21,2025-06-11 13:11:46.045831919-04:00,596.22,above_market,False,8.26032540675804,596.88,False,16.896120150187997,595.82,False,16.896120150187997,590.64,True,100.0,606.69,True,100.0,619.53,68,SPY,2025-06-11,500000,0.0134010935560699,302105000.0,M
601.36,2025-06-11 16:00:00.125476615-04:00,596.22,above_market,False,12.840466926069455,596.88,False,26.264591439689227,595.82,False,26.264591439689227,590.64,True,100.0,606.69,True,100.0,619.53,69,SPY,2025-06-11,642263,0.0086209788333165,386231277.68,P
601.36,2025-06-11 16:10:00.000759947-04:00,596.22,above_market,False,12.840466926069455,596.88,False,26.264591439689227,595.82,False,26.264591439689227,590.64,True,100.0,606.69,True,100.0,619.53,70,SPY,2025-06-11,642263,0.0086209788333165,386231277.68,P
602.11,2025-06-12 12:09:29.929008542-04:00,594.52,above_market,False,6.324110671936972,590.21,False,40.184453227932224,590.73,False,40.184453227932224,589.25,True,100.0,609.71,True,100.0,616.88,71,SPY,2025-06-12,500000,0.0127666016282043,301055000.0,D
603.28,2025-06-12 14:21:12.470050576-04:00,594.52,above_market,False,5.479452054794734,590.21,False,34.81735159817433,590.73,False,34.81735159817433,589.25,True,100.0,609.71,True,100.0,616.88,72,SPY,2025-06-12,500000,0.0147345757922357,301640000.0,M
603.75,2025-06-12 16:00:00.252485895-04:00,594.52,above_market,False,5.200433369447641,590.21,False,33.044420368364705,590.73,False,33.044420368364705,589.25,True,100.0,609.71,True,100.0,616.88,73,SPY,2025-06-12,799123,0.0155251295162484,482470511.25,P
603.75,2025-06-12 16:10:00.000718839-04:00,594.52,above_market,False,5.200433369447641,590.21,False,33.044420368364705,590.73,False,33.044420368364705,589.25,True,100.0,609.71,True,100.0,616.88,74,SPY,2025-06-12,799123,0.0155251295162484,482470511.25,P
599.49,2025-06-18 13:55:52.028965998-04:00,590.73,above_market,False,41.7808219178079,589.25,True,100.0,601.65,True,100.0,606.69,True,100.0,620.05,True,100.0,623.45,75,SPY,2025-06-18,2120000,0.014829109745569,1270918800.0,M
599.49,2025-06-18 14:32:04.470460534-04:00,590.73,above_market,False,41.7808219178079,589.25,True,100.0,601.65,True,100.0,606.69,True,100.0,620.05,True,100.0,623.45,76,SPY,2025-06-18,1696000,0.014829109745569,1016735040.0,M
597.44,2025-06-18 16:00:00.127032752-04:00,590.73,above_market,False,54.54545454545377,589.25,True,100.0,601.65,True,100.0,606.69,True,100.0,620.05,True,100.0,623.45,77,SPY,2025-06-18,1040810,0.0113588272137863,621821526.4000001,P
597.44,2025-06-18 16:08:04.768887475-04:00,590.73,above_market,False,54.54545454545377,589.25,True,100.0,601.65,True,100.0,606.69,True,100.0,620.05,True,100.0,623.45,78,SPY,2025-06-18,1200000,0.0113588272137863,716928000.0000001,D
597.44,2025-06-18 16:10:00.000772087-04:00,590.73,above_market,False,54.54545454545377,589.25,True,100.0,601.65,True,100.0,606.69,True,100.0,620.05,True,100.0,623.45,79,SPY,2025-06-18,1040810,0.0113588272137863,621821526.4000001,P
597.425,2025-06-18 16:15:36.634444170-04:00,590.73,above_market,False,54.667662434652776,589.25,True,100.0,601.65,True,100.0,606.69,True,100.0,620.05,True,100.0,623.45,80,SPY,2025-06-18,600000,0.011333434902578,358455000.0,D
598.6383,2025-06-20 09:38:36.561738643-04:00,590.64,above_market,False,60.26280584624316,595.07,True,100.0,601.98,True,100.0,609.71,True,100.0,615.43,True,100.0,623.54,81,SPY,2025-06-20,1543900,0.0135417513206013,924237671.37,D
594.41,2025-06-20 10:53:24.580781467-04:00,590.64,above_market,True,100.0,595.07,True,100.0,601.98,True,100.0,609.71,True,100.0,615.43,True,100.0,623.54,82,SPY,2025-06-20,1000000,0.0063829066775023,594410000.0,D
598.6482,2025-06-20 11:40:54.485696389-04:00,590.64,above_market,False,60.188306985340745,595.07,True,100.0,601.98,True,100.0,609.71,True,100.0,615.43,True,100.0,623.54,83,SPY,2025-06-20,1000000,0.0135585127996749,598648200.0,D
594.92,2025-06-20 13:19:44.224865905-04:00,590.64,above_market,True,100.0,595.07,True,100.0,601.98,True,100.0,609.71,True,100.0,615.43,True,100.0,623.54,84,SPY,2025-06-20,1800000,0.0072463768115941,1070856000.0,M
594.28,2025-06-20 16:00:00.303423485-04:00,590.64,above_market,True,100.0,595.07,True,100.0,601.98,True,100.0,609.71,True,100.0,615.43,True,100.0,623.54,85,SPY,2025-06-20,3240360,0.0061628064472436,1925681140.8,P
595.06,2025-06-20 16:09:40.562171288-04:00,590.64,above_market,True,100.0,595.07,True,100.0,601.98,True,100.0,609.71,True,100.0,615.43,True,100.0,623.54,86,SPY,2025-06-20,1200000,0.0074834078287958,714071999.9999999,M
594.28,2025-06-20 16:10:00.000739400-04:00,590.64,above_market,True,100.0,595.07,True,100.0,601.98,True,100.0,609.71,True,100.0,615.43,True,100.0,623.54,87,SPY,2025-06-20,3240360,0.0061628064472436,1925681140.8,P
600.15,2025-06-23 16:00:00.342618522-04:00,589.25,above_market,True,100.0,601.65,True,100.0,606.69,True,100.0,612.62,True,100.0,615.09,True,100.0,628.85,88,SPY,2025-06-23,848548,0.0184980907933813,509256082.2,P
600.1438,2025-06-23 16:05:42.436925330-04:00,589.25,above_market,True,100.0,601.65,True,100.0,606.69,True,100.0,612.62,True,100.0,615.09,True,100.0,628.85,89,SPY,2025-06-23,808638,0.0184875689435724,485299082.14440006,D
600.1385,2025-06-23 16:13:29.823052203-04:00,589.25,above_market,True,100.0,601.65,True,100.0,606.69,True,100.0,612.62,True,100.0,615.09,True,100.0,628.85,90,SPY,2025-06-23,1000000,0.0184785744590581,600138500.0,D
607.465,2025-06-24 15:05:37.404117398-04:00,595.07,above_market,False,67.68858410649455,601.98,True,100.0,609.71,True,100.0,612.43,True,100.0,618.78,True,100.0,629.05,91,SPY,2025-06-24,1000000,0.0208294822457861,607465000.0,M
607.5,2025-06-24 15:12:44.632406206-04:00,595.07,above_market,False,67.49798873692696,601.98,True,100.0,609.71,True,100.0,612.43,True,100.0,618.78,True,100.0,629.05,92,SPY,2025-06-24,500000,0.0208882988555967,303750000.0,M
606.78,2025-06-24 16:00:00.220983352-04:00,595.07,above_market,False,71.64816396242564,601.98,True,100.0,609.71,True,100.0,612.43,True,100.0,618.78,True,100.0,629.05,93,SPY,2025-06-24,1205291,0.0196783571680641,731346472.98,P
606.8352,2025-06-24 16:11:10.902088833-04:00,595.07,above_market,False,71.31200489579464,601.98,True,100.0,609.71,True,100.0,612.43,True,100.0,618.78,True,100.0,629.05,94,SPY,2025-06-24,1430000,0.0197711193641083,867774336.0,D
606.78,2025-06-24 16:59:01.474441581-04:00,595.07,above_market,False,71.64816396242564,601.98,True,100.0,609.71,True,100.0,612.43,True,100.0,618.78,True,100.0,629.05,95,SPY,2025-06-24,637438,0.0196783571680641,386784629.64,D
606.97,2025-06-25 11:20:52.958555356-04:00,601.65,above_market,True,100.0,606.69,True,100.0,612.62,True,100.0,615.2,True,100.0,620.53,True,100.0,631.71,96,SPY,2025-06-25,500000,0.0088423502036068,303485000.0,M
606.8,2025-06-25 12:26:48.505358727-04:00,601.65,above_market,True,100.0,606.69,True,100.0,612.62,True,100.0,615.2,True,100.0,620.53,True,100.0,631.71,97,SPY,2025-06-25,800000,0.0085597939001079,485440000.0,M
606.8,2025-06-25 12:38:50.217570262-04:00,601.65,above_market,True,100.0,606.69,True,100.0,612.62,True,100.0,615.2,True,100.0,620.53,True,100.0,631.71,98,SPY,2025-06-25,500000,0.0085597939001079,303400000.0,M
606.7667,2025-06-25 13:46:38.510256188-04:00,601.65,above_market,True,100.0,606.69,True,100.0,612.62,True,100.0,615.2,True,100.0,620.53,True,100.0,631.71,99,SPY,2025-06-25,1560000,0.0085044461065404,946556052.0,M
607.12,2025-06-25 16:00:00.135991817-04:00,601.65,above_market,True,100.0,606.69,True,100.0,612.62,True,100.0,615.2,True,100.0,620.53,True,100.0,631.71,100,SPY,2025-06-25,858269,0.0090916645890468,521072275.28,P
607.12,2025-06-25 16:10:00.000769619-04:00,601.65,above_market,True,100.0,606.69,True,100.0,612.62,True,100.0,615.2,True,100.0,620.53,True,100.0,631.71,101,SPY,2025-06-25,858269,0.0090916645890468,521072275.28,P
606.9,2025-06-25 16:16:04.419904977-04:00,601.65,above_market,True,100.0,606.69,True,100.0,612.62,True,100.0,615.2,True,100.0,620.53,True,100.0,631.71,102,SPY,2025-06-25,1000000,0.0087260034904013,606900000.0,M
609.21,2025-06-26 10:08:24.677176418-04:00,601.98,above_market,True,100.0,609.71,True,100.0,612.43,True,100.0,620.05,True,100.0,618.35,True,100.0,631.55,103,SPY,2025-06-26,2500000,0.0120103657928835,1523025000.0,M
609.21,2025-06-26 10:13:43.319715660-04:00,601.98,above_market,True,100.0,609.71,True,100.0,612.43,True,100.0,620.05,True,100.0,618.35,True,100.0,631.55,104,SPY,2025-06-26,500000,0.0120103657928835,304605000.0,M
610.14,2025-06-26 10:47:42.018069332-04:00,601.98,above_market,True,100.0,609.71,True,100.0,612.43,True,100.0,620.05,True,100.0,618.35,True,100.0,631.55,105,SPY,2025-06-26,700000,0.0135552676168642,427098000.0,M
610.51,2025-06-26 11:43:37.104548564-04:00,601.98,above_market,True,100.0,609.71,True,100.0,612.43,True,100.0,620.05,True,100.0,618.35,True,100.0,631.55,106,SPY,2025-06-26,650000,0.0141699059769427,396831500.0,M
610.14,2025-06-26 12:56:48.671649217-04:00,601.98,above_market,True,100.0,609.71,True,100.0,612.43,True,100.0,620.05,True,100.0,618.35,True,100.0,631.55,107,SPY,2025-06-26,500000,0.0135552676168642,305070000.0,D
611.08,2025-06-26 13:27:54.082244577-04:00,601.98,above_market,True,100.0,609.71,True,100.0,612.43,True,100.0,620.05,True,100.0,618.35,True,100.0,631.55,108,SPY,2025-06-26,800000,0.0151167812884149,488864000.00000006,M
611.24,2025-06-26 13:32:07.208052076-04:00,601.98,above_market,False,99.35205183585249,609.71,True,100.0,612.43,True,100.0,620.05,True,100.0,618.35,True,100.0,631.55,109,SPY,2025-06-26,500000,0.0153825708495298,305620000.0,M
611.24,2025-06-26 13:55:00.677536001-04:00,601.98,above_market,False,99.35205183585249,609.71,True,100.0,612.43,True,100.0,620.05,True,100.0,618.35,True,100.0,631.55,110,SPY,2025-06-26,850000,0.0153825708495298,519554000.0,M
611.87,2025-06-26 16:00:00.117563819-04:00,601.98,above_market,False,93.02325581395293,609.71,True,100.0,612.43,True,100.0,620.05,True,100.0,618.35,True,100.0,631.55,111,SPY,2025-06-26,1077765,0.0164291172464201,659452070.55,P
611.6996,2025-06-26 16:11:06.151996045-04:00,601.98,above_market,False,94.65410099180951,609.71,True,100.0,612.43,True,100.0,620.05,True,100.0,618.35,True,100.0,631.55,112,SPY,2025-06-26,1200000,0.0161460513638327,734039520.0,D
615.32,2025-06-27 10:39:25.177333843-04:00,606.69,above_market,False,84.47276940903787,612.62,False,99.07300115874807,615.2,True,100.0,615.43,True,100.0,619.53,True,100.0,629.89,113,SPY,2025-06-27,1000000,0.0142247276203662,615320000.0,D
615.04,2025-06-27 11:21:30.024043368-04:00,606.69,above_market,False,87.3053892215574,612.62,True,100.0,615.2,True,100.0,615.43,True,100.0,619.53,True,100.0,629.89,114,SPY,2025-06-27,1200000,0.0137632069096242,738048000.0,M
615.23,2025-06-27 11:30:06.525136450-04:00,606.69,above_market,False,85.36299765807956,612.62,True,100.0,615.2,True,100.0,615.43,True,100.0,619.53,True,100.0,629.89,115,SPY,2025-06-27,2000000,0.0140763816776277,1230460000.0,M
614.91,2025-06-27 16:00:00.122805823-04:00,606.69,above_market,False,88.6861313868618,612.62,True,100.0,615.2,True,100.0,615.43,True,100.0,619.53,True,100.0,629.89,116,SPY,2025-06-27,1295757,0.0135489294367797,796773936.87,P
614.91,2025-06-27 16:10:00.000793513-04:00,606.69,above_market,False,88.6861313868618,612.62,True,100.0,615.2,True,100.0,615.43,True,100.0,619.53,True,100.0,629.89,117,SPY,2025-06-27,1295757,0.0135489294367797,796773936.87,P
616.4755,2025-06-30 11:23:03.703254364-04:00,609.71,above_market,False,57.497598108048194,612.43,True,100.0,620.05,True,100.0,615.09,True,100.0,616.88,True,100.0,629.09,118,SPY,2025-06-30,1199000,0.011096258877171,739154124.5,D
615.86,2025-06-30 11:27:00.933606404-04:00,609.71,above_market,False,63.252032520325216,612.43,True,100.0,620.05,True,100.0,615.09,True,100.0,616.88,True,100.0,629.09,119,SPY,2025-06-30,500000,0.0100867625592494,307930000.0,M
616.27,2025-06-30 13:19:00.666231509-04:00,609.71,above_market,False,59.29878048780516,612.43,True,100.0,620.05,True,100.0,615.09,True,100.0,616.88,True,100.0,629.09,120,SPY,2025-06-30,500000,0.0107592133965326,308135000.0,M
616.15,2025-06-30 13:40:25.430826760-04:00,609.71,above_market,False,60.40372670807488,612.43,True,100.0,620.05,True,100.0,615.09,True,100.0,616.88,True,100.0,629.09,121,SPY,2025-06-30,500000,0.0105623985173278,308075000.0,M
618.655,2025-06-30 15:53:19.631428622-04:00,609.71,above_market,False,43.4879821129124,612.43,True,100.0,620.05,True,100.0,615.09,True,100.0,616.88,True,100.0,629.09,122,SPY,2025-06-30,500000,0.0146709091207294,309327500.0,M
617.85,2025-06-30 16:00:00.129197493-04:00,609.71,above_market,False,47.788697788697704,612.43,True,100.0,620.05,True,100.0,615.09,True,100.0,616.88,True,100.0,629.09,123,SPY,2025-06-30,3008784,0.0133506093060635,1858977194.4,P
617.85,2025-06-30 16:10:00.000755507-04:00,609.71,above_market,False,47.788697788697704,612.43,True,100.0,620.05,True,100.0,615.09,True,100.0,616.88,True,100.0,629.09,124,SPY,2025-06-30,3008784,0.0133506093060635,1858977194.4,P
617.65,2025-07-01 16:00:00.229286471-04:00,612.62,above_market,False,52.08747514910574,615.2,True,100.0,615.43,True,100.0,618.78,True,100.0,618.94,True,100.0,626.73,125,SPY,2025-07-01,830759,0.0082106362835035,513118296.35,P
617.65,2025-07-01 16:10:00.000743476-04:00,612.62,above_market,False,52.08747514910574,615.2,True,100.0,615.43,True,100.0,618.78,True,100.0,618.94,True,100.0,626.73,126,SPY,2025-07-01,830759,0.0082106362835035,513118296.35,P
619.4544,2025-07-02 13:00:05.702174764-04:00,612.43,above_market,True,100.0,620.05,True,100.0,615.09,True,100.0,620.53,True,100.0,622.73,True,100.0,616.46,127,SPY,2025-07-02,729000,0.0114697189882925,451582257.6,M
619.3306,2025-07-02 13:45:08.539192222-04:00,612.43,above_market,True,100.0,620.05,True,100.0,615.09,True,100.0,620.53,True,100.0,622.73,True,100.0,616.46,128,SPY,2025-07-02,1024000,0.0112675734369643,634194534.4,M
619.83,2025-07-02 15:37:44.268837874-04:00,612.43,above_market,True,100.0,620.05,True,100.0,615.09,True,100.0,620.53,True,100.0,622.73,True,100.0,616.46,129,SPY,2025-07-02,500000,0.0120830135688978,309915000.0,M
620.45,2025-07-02 16:00:00.124420699-04:00,612.43,above_market,True,100.0,620.05,True,100.0,615.09,True,100.0,620.53,True,100.0,622.73,True,100.0,616.46,130,SPY,2025-07-02,736139,0.0130953741652108,456737442.55,P
620.4236,2025-07-02 16:11:20.080924905-04:00,612.43,above_market,True,100.0,620.05,True,100.0,615.09,True,100.0,620.53,True,100.0,622.73,True,100.0,616.46,131,SPY,2025-07-02,980000,0.0130522671978838,608015128.0,D
625.3275,2025-07-03 11:24:22.511740497-04:00,615.2,above_market,False,35.05307331523056,615.43,False,41.8662058750929,618.78,False,62.89804986423147,618.35,False,88.37324117501836,622.27,True,100.0,625.83,132,SPY,2025-07-03,1000000,0.0164621261378412,625327500.0,M
625.34,2025-07-03 13:00:00.375637838-04:00,615.2,above_market,False,35.00986193293845,615.43,False,41.81459566074965,618.78,False,62.82051282051295,618.35,False,88.26429980276079,622.27,True,100.0,625.83,133,SPY,2025-07-03,838861,0.01648244473342,524573337.74,P
625.34,2025-07-03 13:10:00.000747411-04:00,615.2,above_market,False,35.00986193293845,615.43,False,41.81459566074965,618.78,False,62.82051282051295,618.35,False,88.26429980276079,622.27,True,100.0,625.83,134,SPY,2025-07-03,838861,0.01648244473342,524573337.74,P
625.34,2025-07-03 15:30:00.000747058-04:00,615.2,above_market,False,35.00986193293845,615.43,False,41.81459566074965,618.78,False,62.82051282051295,618.35,False,88.26429980276079,622.27,True,100.0,625.83,135,SPY,2025-07-03,838861,0.01648244473342,524573337.74,P
620.34,2025-07-08 16:00:00.133810775-04:00,615.43,above_market,False,81.6700610997971,618.78,True,100.0,618.35,True,100.0,616.88,True,100.0,623.54,True,100.0,627.43,136,SPY,2025-07-08,1166081,0.0079781616105813,723366687.5400001,P
620.34,2025-07-08 16:10:00.000806376-04:00,615.43,above_market,False,81.6700610997971,618.78,True,100.0,618.35,True,100.0,616.88,True,100.0,623.54,True,100.0,627.43,137,SPY,2025-07-08,1166081,0.0079781616105813,723366687.5400001,P
624.06,2025-07-09 16:00:00.115132391-04:00,615.09,above_market,False,72.24080267558618,620.53,False,72.24080267558618,619.53,False,83.16610925306571,618.94,True,100.0,628.85,True,100.0,626.9,138,SPY,2025-07-09,1113904,0.0145832317221868,695142930.2399999,P
624.06,2025-07-09 16:10:00.000747598-04:00,615.09,above_market,False,72.24080267558618,620.53,False,72.24080267558618,619.53,False,83.16610925306571,618.94,True,100.0,628.85,True,100.0,626.9,139,SPY,2025-07-09,1113904,0.0145832317221868,695142930.2399999,P
625.82,2025-07-10 16:00:00.152092299-04:00,618.78,above_market,False,11.221590909091885,618.35,False,53.55113636363552,616.88,False,61.22159090909107,622.73,True,100.0,629.05,True,100.0,631.79,140,SPY,2025-07-10,730829,0.0113772261546916,457367404.78,P
625.82,2025-07-10 16:10:00.000756978-04:00,618.78,above_market,False,11.221590909091885,618.35,False,53.55113636363552,616.88,False,61.22159090909107,622.73,True,100.0,629.05,True,100.0,631.79,141,SPY,2025-07-10,730829,0.0113772261546916,457367404.78,P
624.81,2025-07-14 16:00:00.167810995-04:00,618.35,above_market,False,65.01547987616071,616.88,False,73.37461300309698,622.73,True,100.0,623.45,True,100.0,631.55,True,100.0,637.25,142,SPY,2025-07-14,814592,0.0104471577585508,508965227.52,P
624.81,2025-07-14 16:10:00.000769450-04:00,618.35,above_market,False,65.01547987616071,616.88,False,73.37461300309698,622.73,True,100.0,623.45,True,100.0,631.55,True,100.0,637.25,143,SPY,2025-07-14,814592,0.0104471577585508,508965227.52,P
625.03,2025-07-15 11:25:48.565550078-04:00,619.53,above_market,False,-1.4545454545441316,618.94,False,84.00000000000009,622.27,True,100.0,623.54,True,100.0,629.89,True,100.0,639.44,144,SPY,2025-07-15,480000,0.0088776976094781,300014400.0,M
623.875,2025-07-16 15:16:42.749909998-04:00,616.88,above_market,False,88.77769835596901,622.73,True,100.0,623.45,True,100.0,628.85,True,100.0,629.09,True,100.0,639.49,145,SPY,2025-07-16,500000,0.0113393204513033,311937500.0,M
624.22,2025-07-16 16:00:00.203604508-04:00,616.88,above_market,False,84.60490463215272,622.73,True,100.0,623.45,True,100.0,628.85,True,100.0,629.09,True,100.0,639.49,146,SPY,2025-07-16,854504,0.011898586434963,533398486.88,P
623.815,2025-07-16 16:09:31.117143469-04:00,616.88,above_market,False,89.54578226387864,622.73,True,100.0,623.45,True,100.0,628.85,True,100.0,629.09,True,100.0,639.49,147,SPY,2025-07-16,500000,0.0112420568019713,311907500.0,M
624.22,2025-07-16 16:10:00.000788361-04:00,616.88,above_market,False,84.60490463215272,622.73,True,100.0,623.45,True,100.0,628.85,True,100.0,629.09,True,100.0,639.49,148,SPY,2025-07-16,854504,0.011898586434963,533398486.88,P
626.42,2025-07-17 11:23:58.643475910-04:00,618.94,above_market,False,69.65240641711216,622.27,False,97.05882352941289,623.54,True,100.0,629.05,True,100.0,626.73,True,100.0,638.0,149,SPY,2025-07-17,650000,0.0120851778847705,407173000.0,M
626.5146,2025-07-17 14:02:26.024112920-04:00,618.94,above_market,False,68.78250996752276,622.27,False,95.84664536741305,623.54,True,100.0,629.05,True,100.0,626.73,True,100.0,638.0,150,SPY,2025-07-17,550000,0.0122380198403721,344583030.0,D
628.04,2025-07-17 16:00:00.150293515-04:00,618.94,above_market,False,57.25274725274697,622.27,False,79.78021978022048,623.54,True,100.0,629.05,True,100.0,626.73,True,100.0,638.0,151,SPY,2025-07-17,1086832,0.0147025559828091,682573969.28,P
627.6144,2025-07-17 16:09:56.319631928-04:00,618.94,above_market,False,60.06179101724531,622.27,False,83.69454947892648,623.54,True,100.0,629.05,True,100.0,626.73,True,100.0,638.0,152,SPY,2025-07-17,700000,0.0140149287491517,439330080.00000006,D
628.04,2025-07-17 16:10:00.000734075-04:00,618.94,above_market,False,57.25274725274697,622.27,False,79.78021978022048,623.54,True,100.0,629.05,True,100.0,626.73,True,100.0,638.0,153,SPY,2025-07-17,1086832,0.0147025559828091,682573969.28,P
630.2541,2025-07-18 09:45:05.468200657-04:00,622.73,above_market,False,46.11847264124664,623.45,False,81.33863186294738,628.85,True,100.0,631.71,True,100.0,616.46,True,100.0,637.86,154,SPY,2025-07-18,1005500,0.0120824434345542,633720497.55,D
627.9,2025-07-18 10:32:17.298233154-04:00,622.73,above_market,False,67.1179883945852,623.45,True,100.0,628.85,True,100.0,631.71,True,100.0,616.46,True,100.0,637.86,155,SPY,2025-07-18,1200000,0.0083021534212258,753480000.0,D
627.31,2025-07-18 11:07:28.204558267-04:00,622.73,above_market,False,75.76419213973979,623.45,True,100.0,628.85,True,100.0,631.71,True,100.0,616.46,True,100.0,637.86,156,SPY,2025-07-18,1000000,0.0073547123151284,627310000.0,M
627.31,2025-07-18 11:22:22.128531022-04:00,622.73,above_market,False,75.76419213973979,623.45,True,100.0,628.85,True,100.0,631.71,True,100.0,616.46,True,100.0,637.86,157,SPY,2025-07-18,550000,0.0073547123151284,345020499.99999994,M
630.2964,2025-07-18 11:25:49.164580932-04:00,622.73,above_market,False,45.8606470712632,623.45,False,80.88390780291897,628.85,True,100.0,631.71,True,100.0,616.46,True,100.0,637.86,158,SPY,2025-07-18,1000000,0.0121503701443642,630296400.0,D
627.58,2025-07-18 16:00:00.192711559-04:00,622.73,above_market,False,71.54639175257755,623.45,True,100.0,628.85,True,100.0,631.71,True,100.0,616.46,True,100.0,637.86,159,SPY,2025-07-18,1181714,0.0077882870585968,741620072.12,P
627.58,2025-07-18 16:10:00.000759483-04:00,622.73,above_market,False,71.54639175257755,623.45,True,100.0,628.85,True,100.0,631.71,True,100.0,616.46,True,100.0,637.86,160,SPY,2025-07-18,1181714,0.0077882870585968,741620072.12,P
627.675,2025-07-18 16:24:44.758111115-04:00,622.73,above_market,False,70.17189079878811,623.45,True,100.0,628.85,True,100.0,631.71,True,100.0,616.46,True,100.0,637.86,161,SPY,2025-07-18,602800,0.0079408411350022,378362490.0,D
627.5924,2025-07-18 16:56:22.336536400-04:00,622.73,above_market,False,71.36393550510121,623.45,True,100.0,628.85,True,100.0,631.71,True,100.0,616.46,True,100.0,637.86,162,SPY,2025-07-18,1005500,0.0078081993801486,631044158.2,D
628.57,2025-07-21 15:56:36.277394572-04:00,622.27,above_market,False,33.80952380952337,623.54,True,100.0,629.05,True,100.0,631.55,True,100.0,625.83,True,100.0,634.4,163,SPY,2025-07-21,1500000,0.0101242226043358,942855000.0,M
628.77,2025-07-21 16:00:00.163911023-04:00,622.27,above_market,False,32.7692307692307,623.54,True,100.0,629.05,True,100.0,631.55,True,100.0,625.83,True,100.0,634.4,164,SPY,2025-07-21,1797725,0.0104456264965368,1130355548.25,P
628.77,2025-07-21 16:10:00.000743098-04:00,622.27,above_market,False,32.7692307692307,623.54,True,100.0,629.05,True,100.0,631.55,True,100.0,625.83,True,100.0,634.4,165,SPY,2025-07-21,1797725,0.0104456264965368,1130355548.25,P
628.86,2025-07-22 16:00:00.158611294-04:00,623.45,above_market,False,99.81515711645118,628.85,True,100.0,631.71,True,100.0,629.89,True,100.0,622.66,True,100.0,632.71,166,SPY,2025-07-22,1145448,0.0086775202502204,720326429.28,P
628.86,2025-07-22 16:10:00.000744145-04:00,623.45,above_market,False,99.81515711645118,628.85,True,100.0,631.71,True,100.0,629.89,True,100.0,622.66,True,100.0,632.71,167,SPY,2025-07-22,1145448,0.0086775202502204,720326429.28,P
630.75,2025-07-23 11:28:19.684471180-04:00,623.54,above_market,True,100.0,629.05,True,100.0,631.55,True,100.0,629.09,True,100.0,627.43,True,100.0,630.17,168,SPY,2025-07-23,500000,0.0115630111941495,315375000.0,D
631.395,2025-07-23 12:45:41.763578344-04:00,623.54,above_market,False,92.04328453214515,629.05,True,100.0,631.55,True,100.0,629.09,True,100.0,627.43,True,100.0,630.17,169,SPY,2025-07-23,1500000,0.0125974275908522,947092500.0,D
631.135,2025-07-23 13:17:10.804838-04:00,623.54,above_market,False,95.19420671494395,629.05,True,100.0,631.55,True,100.0,629.09,True,100.0,627.43,True,100.0,630.17,170,SPY,2025-07-23,750000,0.0121804535394682,473351250.0,D
631.395,2025-07-23 13:21:27.830595474-04:00,623.54,above_market,False,92.04328453214515,629.05,True,100.0,631.55,True,100.0,629.09,True,100.0,627.43,True,100.0,630.17,171,SPY,2025-07-23,750000,0.0125974275908522,473546250.0,D
631.135,2025-07-23 13:27:30.110554380-04:00,623.54,above_market,False,95.19420671494395,629.05,True,100.0,631.55,True,100.0,629.09,True,100.0,627.43,True,100.0,630.17,172,SPY,2025-07-23,500000,0.0121804535394682,315567500.0,D
631.135,2025-07-23 13:56:53.362309369-04:00,623.54,above_market,False,95.19420671494395,629.05,True,100.0,631.55,True,100.0,629.09,True,100.0,627.43,True,100.0,630.17,173,SPY,2025-07-23,500000,0.0121804535394682,315567500.0,D
634.21,2025-07-23 16:00:00.207697923-04:00,623.54,above_market,False,67.76007497656953,629.05,False,85.28584817244574,631.55,False,91.1902530459227,629.09,True,100.0,627.43,True,100.0,630.17,174,SPY,2025-07-23,736402,0.0171119735702602,467033512.42,P
633.74,2025-07-23 16:09:22.319650771-04:00,623.54,above_market,False,70.88235294117634,629.05,False,89.21568627450964,631.55,False,95.39215686274486,629.09,True,100.0,627.43,True,100.0,630.17,175,SPY,2025-07-23,582500,0.0163582127850659,369153550.0,M
634.21,2025-07-23 16:10:00.000763062-04:00,623.54,above_market,False,67.76007497656953,629.05,False,85.28584817244574,631.55,False,91.1902530459227,629.09,True,100.0,627.43,True,100.0,630.17,176,SPY,2025-07-23,736402,0.0171119735702602,467033512.42,P
634.42,2025-07-24 16:00:00.130231992-04:00,628.85,above_market,False,59.964093357272354,631.71,False,79.35368043087988,629.89,True,100.0,626.73,True,100.0,626.9,True,100.0,639.85,177,SPY,2025-07-24,774311,0.0088574381808061,491238384.62,P
634.42,2025-07-24 16:10:00.000888453-04:00,628.85,above_market,False,59.964093357272354,631.71,False,79.35368043087988,629.89,True,100.0,626.73,True,100.0,626.9,True,100.0,639.85,178,SPY,2025-07-24,774311,0.0088574381808061,491238384.62,P
635.725,2025-07-25 11:42:38.104164584-04:00,629.05,above_market,False,53.78277153558045,631.55,False,63.220973782771296,629.09,False,80.74906367041265,616.46,False,80.74906367041265,631.79,True,100.0,637.04,179,SPY,2025-07-25,1000000,0.0106112391701773,635725000.0,M
636.795,2025-07-25 12:41:07.034363063-04:00,629.05,above_market,False,46.35248547450006,631.55,False,54.486765655261785,629.09,False,69.59328599096317,616.46,False,69.59328599096317,631.79,True,100.0,637.04,180,SPY,2025-07-25,1000000,0.0123122168349097,636795000.0,D
636.73,2025-07-25 13:02:42.007302931-04:00,629.05,above_market,False,46.7447916666667,631.55,False,54.947916666666565,629.09,False,70.18229166666738,616.46,False,70.18229166666738,631.79,True,100.0,637.04,181,SPY,2025-07-25,1000000,0.0122088864160242,636730000.0,M
637.1,2025-07-25 16:00:00.128896114-04:00,629.05,above_market,False,44.596273291925485,631.55,False,52.4223602484471,629.09,False,66.95652173913112,616.46,False,66.95652173913112,631.79,True,100.0,637.04,182,SPY,2025-07-25,1274520,0.0127970749542962,811996692.0,P
637.1,2025-07-25 16:10:00.000743042-04:00,629.05,above_market,False,44.596273291925485,631.55,False,52.4223602484471,629.09,False,66.95652173913112,616.46,False,66.95652173913112,631.79,True,100.0,637.04,183,SPY,2025-07-25,1274520,0.0127970749542962,811996692.0,P
635.62,2025-07-28 15:38:16.046062017-04:00,631.71,above_market,False,39.897698209717596,629.89,False,69.82097186700871,626.73,False,69.82097186700871,625.83,False,69.82097186700871,630.54,True,100.0,639.7,184,SPY,2025-07-28,750000,0.0061895490019153,476715000.0,D
636.94,2025-07-28 16:00:00.199015346-04:00,631.71,above_market,False,29.827915869979734,629.89,False,52.19885277246671,626.73,False,52.19885277246671,625.83,False,52.19885277246671,630.54,True,100.0,639.7,185,SPY,2025-07-28,810948,0.0082791154168843,516525219.12000006,P
636.94,2025-07-28 16:10:00.000774907-04:00,631.71,above_market,False,29.827915869979734,629.89,False,52.19885277246671,626.73,False,52.19885277246671,625.83,False,52.19885277246671,630.54,True,100.0,639.7,186,SPY,2025-07-28,810948,0.0082791154168843,516525219.12000006,P
636.9404,2025-07-28 16:27:01.733800436-04:00,631.71,above_market,False,29.82563475068771,629.89,False,52.19486081370567,626.73,False,52.19486081370567,625.83,False,52.19486081370567,630.54,True,100.0,639.7,187,SPY,2025-07-28,627000,0.0082797486188281,399361630.8,M
635.26,2025-07-29 16:00:00.195276614-04:00,631.55,above_market,False,19.946091644204902,629.09,False,77.89757412399115,616.46,False,77.89757412399115,622.66,True,100.0,637.25,True,100.0,641.16,188,SPY,2025-07-29,1039119,0.005874435911646,660110735.9399999,P
635.26,2025-07-29 16:10:00.000746303-04:00,631.55,above_market,False,19.946091644204902,629.09,False,77.89757412399115,616.46,False,77.89757412399115,622.66,True,100.0,637.25,True,100.0,641.16,189,SPY,2025-07-29,1039119,0.005874435911646,660110735.9399999,P
633.11,2025-07-31 15:46:21.473338674-04:00,629.09,above_market,False,-200.24875621890808,616.46,False,-45.77114427860796,622.66,False,62.18905472636844,626.9,True,100.0,639.49,True,100.0,639.59,190,SPY,2025-07-31,1000000,0.0063901826447725,633110000.0,M
621.2,2025-08-01 13:53:14.632879180-04:00,626.73,below_market,True,100.0,625.83,True,100.0,627.43,True,100.0,631.79,True,100.0,638.0,True,100.0,634.85,191,SPY,2025-08-01,1000000,0.0088235763406889,621200000.0,M
621.72,2025-08-01 16:00:00.220453536-04:00,626.73,below_market,True,100.0,625.83,True,100.0,627.43,True,100.0,631.79,True,100.0,638.0,True,100.0,634.85,192,SPY,2025-08-01,1224288,0.0079938729596476,761164335.36,P
621.8987,2025-08-01 16:06:09.423583064-04:00,626.73,below_market,True,100.0,625.83,True,100.0,627.43,True,100.0,631.79,True,100.0,638.0,True,100.0,634.85,193,SPY,2025-08-01,500000,0.007708742201586,310949350.0,D
621.72,2025-08-01 16:10:00.000850546-04:00,626.73,below_market,True,100.0,625.83,True,100.0,627.43,True,100.0,631.79,True,100.0,638.0,True,100.0,634.85,194,SPY,2025-08-01,1224288,0.0079938729596476,761164335.36,P
631.17,2025-08-04 16:00:00.315811335-04:00,616.46,above_market,False,73.35146159075472,622.66,True,100.0,626.9,True,100.0,630.54,True,100.0,637.86,True,100.0,638.29,195,SPY,2025-08-04,1331494,0.0238620510657624,840399067.9799999,P
631.17,2025-08-04 16:10:00.000763383-04:00,616.46,above_market,False,73.35146159075472,622.66,True,100.0,626.9,True,100.0,630.54,True,100.0,637.86,True,100.0,638.29,196,SPY,2025-08-04,1331494,0.0238620510657624,840399067.9799999,P
632.25,2025-08-07 16:00:00.157684680-04:00,627.43,above_market,True,100.0,631.79,True,100.0,637.25,True,100.0,639.49,True,100.0,630.17,True,100.0,643.34,197,SPY,2025-08-07,923174,0.0076821318712845,583676761.5,P
632.63,2025-08-07 16:08:47.347513704-04:00,627.43,above_market,False,92.69230769230784,631.79,True,100.0,637.25,True,100.0,639.49,True,100.0,630.17,True,100.0,643.34,198,SPY,2025-08-07,500000,0.0082877771225476,316315000.0,M
632.25,2025-08-07 16:10:00.000779361-04:00,627.43,above_market,True,100.0,631.79,True,100.0,637.25,True,100.0,639.49,True,100.0,630.17,True,100.0,643.34,199,SPY,2025-08-07,923174,0.0076821318712845,583676761.5,P
635.92,2025-08-11 16:00:00.274997810-04:00,631.79,above_market,True,100.0,637.25,True,100.0,639.49,True,100.0,637.86,True,100.0,637.04,True,100.0,646.69,200,SPY,2025-08-11,778959,0.0065369822251064,495355607.28,P
635.92,2025-08-11 16:10:00.000743358-04:00,631.79,above_market,True,100.0,637.25,True,100.0,639.49,True,100.0,637.86,True,100.0,637.04,True,100.0,646.69,201,SPY,2025-08-11,778959,0.0065369822251064,495355607.28,P
642.69,2025-08-12 16:00:00.297183361-04:00,630.54,above_market,False,83.78600823045257,639.44,False,83.78600823045257,638.0,False,83.78600823045257,634.4,False,86.33744855967022,639.7,True,100.0,652.07,202,SPY,2025-08-12,1056851,0.0192691978304312,679227569.19,P
642.69,2025-08-12 16:10:00.000802382-04:00,630.54,above_market,False,83.78600823045257,639.44,False,83.78600823045257,638.0,False,83.78600823045257,634.4,False,86.33744855967022,639.7,True,100.0,652.07,203,SPY,2025-08-12,1056851,0.0192691978304312,679227569.19,P
642.7603,2025-08-12 16:17:07.599691281-04:00,630.54,above_market,False,83.30401053983952,639.44,False,83.30401053983952,638.0,False,83.30401053983952,634.4,False,85.84077313977522,639.7,True,100.0,652.07,204,SPY,2025-08-12,500000,0.0193806895676722,321380150.0,D
643.395,2025-08-13 11:51:06.224799090-04:00,637.25,above_market,False,47.35557363710296,639.49,False,55.0040683482507,637.86,False,55.0040683482507,632.71,False,75.50854353132628,641.16,True,100.0,651.85,205,SPY,2025-08-13,1500000,0.009642997253825,965092500.0,D
644.9,2025-08-13 15:57:46.749468032-04:00,637.25,above_market,False,38.03921568627421,639.49,False,44.18300653594778,637.86,False,44.18300653594778,632.71,False,60.653594771241835,641.16,True,100.0,651.85,206,SPY,2025-08-13,600000,0.0120047077285209,386940000.0,M
644.89,2025-08-13 16:00:00.333582222-04:00,637.25,above_market,False,38.089005235601746,639.49,False,44.2408376963351,637.86,False,44.2408376963351,632.71,False,60.732984293193645,641.16,True,100.0,651.85,207,SPY,2025-08-13,862834,0.0119890153001176,556433018.26,P
644.89,2025-08-13 16:10:00.000763458-04:00,637.25,above_market,False,38.089005235601746,639.49,False,44.2408376963351,637.86,False,44.2408376963351,632.71,False,60.732984293193645,641.16,True,100.0,651.85,208,SPY,2025-08-13,862834,0.0119890153001176,556433018.26,P
644.605,2025-08-14 14:47:02.472814819-04:00,639.44,above_market,False,23.039690222651483,638.0,False,23.039690222651483,634.4,False,23.039690222651483,630.17,False,88.09293320425918,643.43,True,100.0,655.32,209,SPY,2025-08-14,1000000,0.0080773802076816,644605000.0,M
644.95,2025-08-14 16:00:00.102828293-04:00,639.44,above_market,False,21.597096188746693,638.0,False,21.597096188746693,634.4,False,21.597096188746693,630.17,False,82.5771324863877,643.43,True,100.0,655.32,210,SPY,2025-08-14,719004,0.0086169148004503,463721629.8,P
644.95,2025-08-14 16:10:00.000798630-04:00,639.44,above_market,False,21.597096188746693,638.0,False,21.597096188746693,634.4,False,21.597096188746693,630.17,False,82.5771324863877,643.43,True,100.0,655.32,211,SPY,2025-08-14,719004,0.0086169148004503,463721629.8,P
645.071,2025-08-14 16:19:23.667238829-04:00,639.44,above_market,False,21.133013674302024,638.0,False,21.133013674302024,634.4,False,21.133013674302024,630.17,False,80.80269934292271,643.43,True,100.0,655.32,212,SPY,2025-08-14,853000,0.0088061428750155,550245563.0,D
643.3,2025-08-18 16:00:00.274690509-04:00,638.0,above_market,False,12.452830188678751,634.4,False,12.452830188678751,630.17,False,57.16981132075469,637.04,True,100.0,634.85,True,100.0,653.6,213,SPY,2025-08-18,707486,0.0083072100313478,455125743.8,P
643.3,2025-08-18 16:10:00.000781193-04:00,638.0,above_market,False,12.452830188678751,634.4,False,12.452830188678751,630.17,False,57.16981132075469,637.04,True,100.0,634.85,True,100.0,653.6,214,SPY,2025-08-18,707486,0.0083072100313478,455125743.8,P
638.11,2025-08-20 16:00:00.283205100-04:00,634.4,above_market,False,-49.3261455525582,630.17,True,100.0,637.04,True,100.0,641.16,True,100.0,643.63,True,100.0,659.91,215,SPY,2025-08-20,748413,0.0058480453972257,477569819.43,P
638.067,2025-08-20 16:05:37.008487158-04:00,634.4,above_market,False,-49.90455413144021,630.17,True,100.0,637.04,True,100.0,641.16,True,100.0,643.63,True,100.0,659.91,216,SPY,2025-08-20,622000,0.0057802648171501,396877674.0,D
638.0879,2025-08-20 16:11:05.717356614-04:00,634.4,above_market,False,-49.621735947284925,630.17,True,100.0,637.04,True,100.0,641.16,True,100.0,643.63,True,100.0,659.91,217,SPY,2025-08-20,1000000,0.0058132093316519,638087900.0,D
645.31,2025-08-22 16:00:00.238528718-04:00,630.17,above_market,False,63.80449141347484,637.04,False,77.41083223249696,641.16,False,91.28137384412194,639.59,True,100.0,643.34,True,100.0,659.42,218,SPY,2025-08-22,1303324,0.0240252630242632,841048010.4399999,P
645.31,2025-08-22 16:10:00.000773107-04:00,630.17,above_market,False,63.80449141347484,637.04,False,77.41083223249696,641.16,False,91.28137384412194,639.59,True,100.0,643.34,True,100.0,659.42,219,SPY,2025-08-22,1303324,0.0240252630242632,841048010.4399999,P
643.95,2025-08-25 14:30:00.813072474-04:00,639.85,above_market,False,4.878048780486114,639.7,True,100.0,643.43,True,100.0,634.85,True,100.0,644.83,True,100.0,657.33,220,SPY,2025-08-25,1200000,0.0064077518168321,772740000.0,D
643.14,2025-08-26 14:16:48.137765289-04:00,637.04,above_market,False,79.50819672131155,641.16,True,100.0,639.59,True,100.0,638.29,True,100.0,646.69,True,100.0,654.29,221,SPY,2025-08-26,1300000,0.0095755368579681,836082000.0,M
644.275,2025-08-26 15:22:19.061409088-04:00,637.04,above_market,False,67.03524533517641,641.16,False,96.06081548030453,639.59,False,96.06081548030453,638.29,True,100.0,646.69,True,100.0,654.29,222,SPY,2025-08-26,2000000,0.0113572146176064,1288550000.0,M
645.16,2025-08-26 16:00:00.152851665-04:00,637.04,above_market,False,59.72906403940912,641.16,False,85.59113300492662,639.59,False,85.59113300492662,638.29,True,100.0,646.69,True,100.0,654.29,223,SPY,2025-08-26,1308243,0.0127464523420821,844026053.88,P
645.16,2025-08-26 16:10:00.000756659-04:00,637.04,above_market,False,59.72906403940912,641.16,False,85.59113300492662,639.59,False,85.59113300492662,638.29,True,100.0,646.69,True,100.0,654.29,224,SPY,2025-08-26,1308243,0.0127464523420821,844026053.88,P
645.2766,2025-08-27 10:07:15.209474396-04:00,639.7,above_market,False,76.92859448409381,643.43,False,76.92859448409381,634.85,False,76.92859448409381,643.63,True,100.0,652.07,True,100.0,658.04,225,SPY,2025-08-27,705000,0.0087175238392996,454920003.0,D
646.63,2025-08-27 16:00:00.143492480-04:00,639.7,above_market,False,61.90476190476183,643.43,False,61.90476190476183,634.85,False,61.90476190476183,643.63,True,100.0,652.07,True,100.0,658.04,226,SPY,2025-08-27,864576,0.0108332030639361,559060778.88,P
646.7573,2025-08-27 16:13:09.312974868-04:00,639.7,above_market,False,60.788120102588806,643.43,False,60.788120102588806,634.85,False,60.788120102588806,643.63,True,100.0,652.07,True,100.0,658.04,227,SPY,2025-08-27,950000,0.0110322025949662,614419435.0,D
646.164,2025-08-28 09:52:39.198371085-04:00,641.16,above_market,False,23.98081534772264,639.59,False,23.98081534772264,638.29,True,100.0,641.77,True,100.0,651.85,True,100.0,659.89,228,SPY,2025-08-28,610000,0.0078046041549691,394160040.0,M
646.735,2025-08-28 11:53:23.189388028-04:00,641.16,above_market,False,21.524663677130683,639.59,False,21.524663677130683,638.29,False,99.19282511210837,641.77,True,100.0,651.85,True,100.0,659.89,229,SPY,2025-08-28,500000,0.008695177490798,323367500.0,M
648.92,2025-08-28 16:00:00.106601709-04:00,641.16,above_market,False,15.463917525773798,639.59,False,15.463917525773798,638.29,False,71.26288659793934,641.77,True,100.0,651.85,True,100.0,659.89,230,SPY,2025-08-28,1069488,0.0121030631979536,694012152.9599999,P
648.92,2025-08-28 16:10:00.000722536-04:00,641.16,above_market,False,15.463917525773798,639.59,False,15.463917525773798,638.29,False,71.26288659793934,641.77,True,100.0,651.85,True,100.0,659.89,231,SPY,2025-08-28,1069488,0.0121030631979536,694012152.9599999,P
643.74,2025-09-03 16:00:00.146656995-04:00,634.85,above_market,False,99.1001124859388,643.63,True,100.0,643.34,True,100.0,646.69,True,100.0,653.6,True,100.0,665.4,232,SPY,2025-09-03,1093809,0.0140033078680002,704128605.66,P
643.6568,2025-09-03 16:06:43.252658385-04:00,634.85,above_market,True,100.0,643.63,True,100.0,643.34,True,100.0,646.69,True,100.0,653.6,True,100.0,665.4,233,SPY,2025-09-03,600000,0.0138722532881782,386194080.0,D
643.74,2025-09-03 16:10:00.000801806-04:00,634.85,above_market,False,99.1001124859388,643.63,True,100.0,643.34,True,100.0,646.69,True,100.0,653.6,True,100.0,665.4,234,SPY,2025-09-03,1093809,0.0140033078680002,704128605.66,P
649.12,2025-09-04 16:00:00.173806106-04:00,638.29,above_market,False,77.56232686980664,641.77,False,77.56232686980664,644.83,True,100.0,652.07,True,100.0,656.66,True,100.0,665.39,235,SPY,2025-09-04,2088199,0.0169672092622476,1355491734.88,P
649.0763,2025-09-04 16:05:17.134495175-04:00,638.29,above_market,False,77.87656564345609,641.77,False,77.87656564345609,644.83,True,100.0,652.07,True,100.0,656.66,True,100.0,665.39,236,SPY,2025-09-04,500000,0.0168987450845226,324538150.0,D
649.12,2025-09-04 16:10:00.000754227-04:00,638.29,above_market,False,77.56232686980664,641.77,False,77.56232686980664,644.83,True,100.0,652.07,True,100.0,656.66,True,100.0,665.39,237,SPY,2025-09-04,2088199,0.0169672092622476,1355491734.88,P
647.24,2025-09-05 16:00:00.315654992-04:00,643.63,above_market,False,19.667590027701763,643.34,True,100.0,646.69,True,100.0,651.85,True,100.0,659.91,True,100.0,667.78,238,SPY,2025-09-05,835180,0.0056088125165079,540561903.2,P
647.1015,2025-09-05 16:11:00.798449183-04:00,643.63,above_market,False,20.452254068847417,643.34,True,100.0,646.69,True,100.0,651.85,True,100.0,659.91,True,100.0,667.78,239,SPY,2025-09-05,1000000,0.005393626773146,647101500.0,D
648.83,2025-09-08 16:00:00.232796346-04:00,641.77,above_market,False,50.70821529745058,644.83,True,100.0,652.07,True,100.0,655.32,True,100.0,663.03,True,100.0,665.3,240,SPY,2025-09-08,693872,0.0110008258410334,450204969.7600001,P
648.4925,2025-09-08 16:10:47.007738174-04:00,641.77,above_market,False,53.25399776868811,644.83,True,100.0,652.07,True,100.0,655.32,True,100.0,663.03,True,100.0,665.3,241,SPY,2025-09-08,800000,0.0104749365037318,518794000.0,D
650.33,2025-09-09 16:00:00.150676825-04:00,643.34,above_market,False,81.11587982832549,646.69,True,100.0,651.85,True,100.0,654.42,True,100.0,659.42,True,100.0,669.27,242,SPY,2025-09-09,587138,0.0108651723816333,381833455.54,P
650.251,2025-09-09 16:10:48.617081806-04:00,643.34,above_market,False,82.04311966430336,646.69,True,100.0,651.85,True,100.0,654.42,True,100.0,659.42,True,100.0,669.27,243,SPY,2025-09-09,990000,0.0107423757266763,643748490.0,D
650.2591,2025-09-09 16:18:35.337959714-04:00,643.34,above_market,False,81.94707404142149,646.69,True,100.0,651.85,True,100.0,654.42,True,100.0,659.42,True,100.0,669.27,244,SPY,2025-09-09,1124370,0.0107549662697795,731131824.267,D
652.96,2025-09-10 11:13:33.067973404-04:00,644.83,above_market,False,97.53997539975343,652.07,True,100.0,655.32,True,100.0,653.6,True,100.0,657.33,True,100.0,667.33,245,SPY,2025-09-10,2750000,0.0126079741947489,1795640000.0,M
652.7,2025-09-10 11:35:47.291423601-04:00,644.83,above_market,True,100.0,652.07,True,100.0,655.32,True,100.0,653.6,True,100.0,657.33,True,100.0,667.33,246,SPY,2025-09-10,700000,0.0122047671479304,456890000.00000006,M
652.21,2025-09-10 16:00:00.146040802-04:00,644.83,above_market,True,100.0,652.07,True,100.0,655.32,True,100.0,653.6,True,100.0,657.33,True,100.0,667.33,247,SPY,2025-09-10,1151795,0.0114448769443108,751212216.95,P
652.21,2025-09-10 16:10:00.000732404-04:00,644.83,above_market,True,100.0,652.07,True,100.0,655.32,True,100.0,653.6,True,100.0,657.33,True,100.0,667.33,248,SPY,2025-09-10,1151795,0.0114448769443108,751212216.95,P
658.12,2025-09-12 15:52:29.248730912-04:00,652.07,above_market,False,55.86776859504167,655.32,False,67.93388429751953,653.6,True,100.0,659.91,True,100.0,658.04,True,100.0,659.25,249,SPY,2025-09-12,1300000,0.0092781449844341,855556000.0,M
657.41,2025-09-12 16:00:00.139950846-04:00,652.07,above_market,False,63.29588014981362,655.32,False,76.96629213483077,653.6,True,100.0,659.91,True,100.0,658.04,True,100.0,659.25,250,SPY,2025-09-12,1234858,0.0081893048292359,811807997.78,P
657.41,2025-09-12 16:10:00.000807766-04:00,652.07,above_market,False,63.29588014981362,655.32,False,76.96629213483077,653.6,True,100.0,659.91,True,100.0,658.04,True,100.0,659.25,251,SPY,2025-09-12,1234858,0.0081893048292359,811807997.78,P
660.91,2025-09-15 16:00:00.262960062-04:00,651.85,above_market,False,47.792494481235686,654.42,False,81.8984547461369,656.66,True,100.0,663.03,True,100.0,659.89,True,100.0,658.45,252,SPY,2025-09-15,1176473,0.0138989031218837,777542770.43,P
660.91,2025-09-15 16:10:00.000751685-04:00,651.85,above_market,False,47.792494481235686,654.42,False,81.8984547461369,656.66,True,100.0,663.03,True,100.0,659.89,True,100.0,658.45,253,SPY,2025-09-15,1176473,0.0138989031218837,777542770.43,P
660.696,2025-09-16 13:33:14.310500337-04:00,655.32,above_market,False,14.880952380951602,653.6,True,100.0,659.91,True,100.0,659.42,True,100.0,662.38,True,100.0,661.37,254,SPY,2025-09-16,1511609,0.0082036257095769,998714019.864,D
660.0,2025-09-16 16:00:00.256167685-04:00,655.32,above_market,False,17.094017094016305,653.6,True,100.0,659.91,True,100.0,659.42,True,100.0,662.38,True,100.0,661.37,255,SPY,2025-09-16,1195416,0.0071415491668191,788974560.0,P
659.8173,2025-09-16 16:09:20.591036174-04:00,655.32,above_market,False,17.788450848285756,653.6,True,100.0,659.91,True,100.0,659.42,True,100.0,662.38,True,100.0,661.37,256,SPY,2025-09-16,800000,0.0068627540743453,527853840.00000006,D
660.0,2025-09-16 16:10:00.000858918-04:00,655.32,above_market,False,17.094017094016305,653.6,True,100.0,659.91,True,100.0,659.42,True,100.0,662.38,True,100.0,661.37,257,SPY,2025-09-16,1195416,0.0071415491668191,788974560.0,P
659.8469,2025-09-16 16:18:21.549368103-04:00,655.32,above_market,False,17.67213766595159,653.6,True,100.0,659.91,True,100.0,659.42,True,100.0,662.38,True,100.0,661.37,258,SPY,2025-09-16,610000,0.0069079228468533,402506609.0,D
659.18,2025-09-17 16:00:00.199240371-04:00,654.42,above_market,True,100.0,656.66,True,100.0,663.03,True,100.0,657.33,True,100.0,664.63,True,100.0,656.87,259,SPY,2025-09-17,972449,0.0072736163320191,641018931.8199999,P
659.2168,2025-09-17 16:10:33.354945656-04:00,654.42,above_market,True,100.0,656.66,True,100.0,663.03,True,100.0,657.33,True,100.0,664.63,True,100.0,656.87,260,SPY,2025-09-17,1487770,0.0073298493322332,980762978.536,D
659.2108,2025-09-17 16:19:55.186453715-04:00,654.42,above_market,True,100.0,656.66,True,100.0,663.03,True,100.0,657.33,True,100.0,664.63,True,100.0,656.87,261,SPY,2025-09-17,1525570,0.0073206809082851,1005672220.156,D
659.2153,2025-09-17 16:20:37.566442388-04:00,654.42,above_market,True,100.0,656.66,True,100.0,663.03,True,100.0,657.33,True,100.0,664.63,True,100.0,656.87,262,SPY,2025-09-17,955200,0.0073275572262461,629682454.56,D
663.2084,2025-09-19 09:39:29.492034439-04:00,656.66,above_market,True,100.0,663.03,True,100.0,657.33,True,100.0,658.04,True,100.0,665.39,True,100.0,667.47,263,SPY,2025-09-19,1528000,0.0099722839825785,1013382435.2,D
661.13,2025-09-19 10:54:26.976758332-04:00,656.66,above_market,True,100.0,663.03,True,100.0,657.33,True,100.0,658.04,True,100.0,665.39,True,100.0,667.47,264,SPY,2025-09-19,900000,0.0068071757073676,595017000.0,D
661.47,2025-09-19 11:03:43.081876816-04:00,656.66,above_market,True,100.0,663.03,True,100.0,657.33,True,100.0,658.04,True,100.0,665.39,True,100.0,667.47,265,SPY,2025-09-19,470000,0.0073249474613956,310890900.0,M
663.2098,2025-09-19 11:10:36.490123418-04:00,656.66,above_market,True,100.0,663.03,True,100.0,657.33,True,100.0,658.04,True,100.0,665.39,True,100.0,667.47,266,SPY,2025-09-19,1528000,0.0099744159839186,1013384574.4,D
660.75,2025-09-19 11:23:50.120565274-04:00,656.66,above_market,True,100.0,663.03,True,100.0,657.33,True,100.0,658.04,True,100.0,665.39,True,100.0,667.47,267,SPY,2025-09-19,750000,0.0062284896293363,495562500.0,M
660.62,2025-09-19 11:28:08.118466405-04:00,656.66,above_market,True,100.0,663.03,True,100.0,657.33,True,100.0,658.04,True,100.0,665.39,True,100.0,667.47,268,SPY,2025-09-19,575000,0.0060305180763257,379856500.0,M
660.5391,2025-09-19 13:34:13.097040213-04:00,656.66,above_market,True,100.0,663.03,True,100.0,657.33,True,100.0,658.04,True,100.0,665.39,True,100.0,667.47,269,SPY,2025-09-19,761821,0.0059073188560289,503212557.7011,D
662.35,2025-09-19 14:47:43.554459887-04:00,656.66,above_market,True,100.0,663.03,True,100.0,657.33,True,100.0,658.04,True,100.0,665.39,True,100.0,667.47,270,SPY,2025-09-19,1210000,0.0086650625894679,801443500.0,D
660.539,2025-09-19 15:02:44.095969160-04:00,656.66,above_market,True,100.0,663.03,True,100.0,657.33,True,100.0,658.04,True,100.0,665.39,True,100.0,667.47,271,SPY,2025-09-19,750235,0.005907166570219,495559476.665,D
663.4,2025-09-19 15:22:17.555698754-04:00,656.66,above_market,True,100.0,663.03,True,100.0,657.33,True,100.0,658.04,True,100.0,665.39,True,100.0,667.47,272,SPY,2025-09-19,500000,0.0102640635945542,331700000.0,M
663.7,2025-09-19 16:00:00.247216519-04:00,656.66,above_market,False,96.87499999999964,663.03,False,97.58522727272626,657.33,False,97.58522727272626,658.04,True,100.0,665.39,True,100.0,667.47,273,SPY,2025-09-19,2366007,0.010720921024579,1570318845.9,P
663.7,2025-09-19 16:10:00.000771153-04:00,656.66,above_market,False,96.87499999999964,663.03,False,97.58522727272626,657.33,False,97.58522727272626,658.04,True,100.0,665.39,True,100.0,667.47,274,SPY,2025-09-19,2366007,0.010720921024579,1570318845.9,P
665.6,2025-09-22 12:22:53.750049924-04:00,659.91,above_market,False,63.62038664323322,659.42,False,63.62038664323322,654.29,False,63.62038664323322,659.89,True,100.0,667.78,True,100.0,667.46,275,SPY,2025-09-22,1000000,0.0086223879013805,665600000.0,M
667.155,2025-09-22 15:56:21.466363918-04:00,659.91,above_market,False,49.96549344375435,659.42,False,49.96549344375435,654.29,False,49.96549344375435,659.89,True,100.0,667.78,True,100.0,667.46,276,SPY,2025-09-22,1000000,0.0109787698322498,667155000.0,M
666.7459,2025-09-22 16:04:26.281274156-04:00,659.91,above_market,False,52.95571907137296,659.42,False,52.95571907137296,654.29,False,52.95571907137296,659.89,True,100.0,667.78,True,100.0,667.46,277,SPY,2025-09-22,1483597,0.0103588368110803,989182217.0023,D
666.84,2025-09-22 16:10:00.000731235-04:00,659.91,above_market,False,52.23665223665183,659.42,False,52.23665223665183,654.29,False,52.23665223665183,659.89,True,100.0,667.78,True,100.0,667.46,278,SPY,2025-09-22,1152624,0.0105014320134564,768615788.1600001,P
661.82,2025-09-26 16:00:00.363831595-04:00,654.29,above_market,False,95.48472775564372,659.89,True,100.0,664.63,True,100.0,665.39,True,100.0,649.29,True,100.0,681.33,279,SPY,2025-09-26,1488163,0.01150865824023,984896036.66,P
661.82,2025-09-26 16:10:00.000901985-04:00,654.29,above_market,False,95.48472775564372,659.89,True,100.0,664.63,True,100.0,665.39,True,100.0,649.29,True,100.0,681.33,280,SPY,2025-09-26,1488163,0.01150865824023,984896036.66,P
663.7667,2025-09-29 12:11:12.494416395-04:00,658.04,above_market,False,83.81790560008426,662.38,True,100.0,665.4,True,100.0,667.78,True,100.0,659.25,True,100.0,683.14,281,SPY,2025-09-29,654000,0.0087026624521306,434103421.8,M
663.68,2025-09-29 16:00:00.220057323-04:00,658.04,above_market,False,85.10638297872481,662.38,True,100.0,665.4,True,100.0,667.78,True,100.0,659.25,True,100.0,683.14,282,SPY,2025-09-29,1374130,0.0085709075436143,911982598.4,P
663.5252,2025-09-29 16:05:14.830501283-04:00,658.04,above_market,False,87.50820389411508,662.38,True,100.0,665.4,True,100.0,667.78,True,100.0,659.25,True,100.0,683.14,283,SPY,2025-09-29,700000,0.0083356634855025,464467640.0,D
663.68,2025-09-29 16:10:00.000756255-04:00,658.04,above_market,False,85.10638297872481,662.38,True,100.0,665.4,True,100.0,667.78,True,100.0,659.25,True,100.0,683.14,284,SPY,2025-09-29,1374130,0.0085709075436143,911982598.4,P
664.65,2025-09-30 15:08:19.253087273-04:00,659.89,above_market,True,100.0,664.63,True,100.0,665.39,True,100.0,665.3,True,100.0,658.45,True,100.0,683.47,285,SPY,2025-09-30,1050000,0.0072133234326933,697882500.0,M
666.18,2025-09-30 16:00:00.294626866-04:00,659.89,above_market,False,89.98410174880765,664.63,True,100.0,665.39,True,100.0,665.3,True,100.0,658.45,True,100.0,683.47,286,SPY,2025-09-30,2689622,0.0095318916789161,1791772383.9599998,P
666.18,2025-09-30 16:10:00.000780730-04:00,659.89,above_market,False,89.98410174880765,664.63,True,100.0,665.39,True,100.0,665.3,True,100.0,658.45,True,100.0,683.47,287,SPY,2025-09-30,2689622,0.0095318916789161,1791772383.9599998,P
666.3154,2025-09-30 16:20:01.770483353-04:00,659.89,above_market,False,88.08790114234128,664.63,True,100.0,665.39,True,100.0,665.3,True,100.0,658.45,True,100.0,683.47,288,SPY,2025-09-30,1000000,0.0097370773916864,666315400.0,D
664.99,2025-09-30 16:43:39.338874079-04:00,659.89,above_market,True,100.0,664.63,True,100.0,665.39,True,100.0,665.3,True,100.0,658.45,True,100.0,683.47,289,SPY,2025-09-30,537500,0.0077285608207428,357432125.0,M
666.3154,2025-09-30 16:54:41.842733718-04:00,659.89,above_market,False,88.08790114234128,664.63,True,100.0,665.39,True,100.0,665.3,True,100.0,658.45,True,100.0,683.47,290,SPY,2025-09-30,1000000,0.0097370773916864,666315400.0,D
668.45,2025-10-01 16:00:00.178666152-04:00,662.38,above_market,False,71.82866556836866,665.4,True,100.0,667.78,True,100.0,669.27,True,100.0,661.37,True,100.0,675.95,291,SPY,2025-10-01,2132067,0.0091639240315227,1425180186.15,P
668.594,2025-10-01 16:09:33.668682229-04:00,662.38,above_market,False,70.1641454779526,665.4,True,100.0,667.78,True,100.0,669.27,True,100.0,661.37,True,100.0,675.95,292,SPY,2025-10-01,500000,0.0093813218998159,334297000.0,D
668.45,2025-10-01 16:10:00.003720502-04:00,662.38,above_market,False,71.82866556836866,665.4,True,100.0,667.78,True,100.0,669.27,True,100.0,661.37,True,100.0,675.95,293,SPY,2025-10-01,2132067,0.0091639240315227,1425180186.15,P
668.0,2025-10-02 13:07:44.590086239-04:00,664.63,above_market,True,100.0,665.39,True,100.0,665.3,True,100.0,667.33,True,100.0,656.87,True,100.0,678.17,294,SPY,2025-10-02,500000,0.0050704903480131,334000000.0,M
669.22,2025-10-02 16:00:00.243412627-04:00,664.63,above_market,False,91.50326797385657,665.39,False,98.474945533768,665.3,True,100.0,667.33,True,100.0,656.87,True,100.0,678.17,295,SPY,2025-10-02,1737675,0.0069060981297865,1162886863.5,P
669.22,2025-10-02 16:10:00.003806492-04:00,664.63,above_market,False,91.50326797385657,665.39,False,98.474945533768,665.3,True,100.0,667.33,True,100.0,656.87,True,100.0,678.17,296,SPY,2025-10-02,1737675,0.0069060981297865,1162886863.5,P
669.21,2025-10-03 16:00:00.222726006-04:00,665.4,above_market,False,85.8267716535415,667.78,True,100.0,669.27,True,100.0,649.29,True,100.0,660.6,True,100.0,679.44,297,SPY,2025-10-03,804872,0.0057258791704238,538628391.12,P
669.21,2025-10-03 16:10:00.000757671-04:00,665.4,above_market,False,85.8267716535415,667.78,True,100.0,669.27,True,100.0,649.29,True,100.0,660.6,True,100.0,679.44,298,SPY,2025-10-03,804872,0.0057258791704238,538628391.12,P
671.61,2025-10-06 16:00:00.163900704-04:00,665.39,above_market,False,60.450160771703764,665.3,False,75.56270096463062,667.33,False,75.72347266881054,659.25,False,75.72347266881054,667.47,True,100.0,671.38,299,SPY,2025-10-06,903697,0.0093479012308571,606931942.17,P
671.61,2025-10-06 16:10:00.000742452-04:00,665.39,above_market,False,60.450160771703764,665.3,False,75.56270096463062,667.33,False,75.72347266881054,659.25,False,75.72347266881054,667.47,True,100.0,671.38,300,SPY,2025-10-06,903697,0.0093479012308571,606931942.17,P
671.3511,2025-10-08 10:54:23.362876247-04:00,665.3,above_market,False,79.15916114425579,667.33,False,79.32442035332507,659.25,False,79.32442035332507,661.37,False,79.32442035332507,663.99,True,100.0,666.48,301,SPY,2025-10-08,490000,0.0090952953554787,328962039.0,M
672.6,2025-10-08 13:50:00.895054506-04:00,665.3,above_market,False,65.61643835616483,667.33,False,65.75342465753457,659.25,False,65.75342465753457,661.37,False,65.75342465753457,663.99,True,100.0,666.48,302,SPY,2025-10-08,620000,0.0109724936119045,417012000.0,M
673.11,2025-10-08 16:00:00.194798318-04:00,665.3,above_market,False,61.33162612035904,667.33,False,61.459667093470316,659.25,False,61.459667093470316,661.37,False,61.459667093470316,663.99,True,100.0,666.48,303,SPY,2025-10-08,2082662,0.0117390650834211,1401860618.82,P
673.11,2025-10-08 16:10:00.000754790-04:00,665.3,above_market,False,61.33162612035904,667.33,False,61.459667093470316,659.25,False,61.459667093470316,661.37,False,61.459667093470316,663.99,True,100.0,666.48,304,SPY,2025-10-08,2082662,0.0117390650834211,1401860618.82,P
664.08,2025-10-13 13:11:25.073721531-04:00,649.29,above_market,False,86.13928329952631,658.45,True,100.0,656.87,True,100.0,667.47,True,100.0,681.33,True,100.0,679.1,305,SPY,2025-10-13,1000000,0.0227787275331517,664080000.0,M
663.04,2025-10-13 16:00:00.204352922-04:00,649.29,above_market,False,92.65454545454553,658.45,True,100.0,656.87,True,100.0,667.47,True,100.0,681.33,True,100.0,679.1,306,SPY,2025-10-13,1077204,0.0211769779297386,714229340.16,P
663.04,2025-10-13 16:10:00.000780635-04:00,649.29,above_market,False,92.65454545454553,658.45,True,100.0,656.87,True,100.0,667.47,True,100.0,681.33,True,100.0,679.1,307,SPY,2025-10-13,1077204,0.0211769779297386,714229340.16,P
663.02,2025-10-14 12:35:28.544443479-04:00,659.25,above_market,True,100.0,661.37,True,100.0,660.6,True,100.0,667.46,True,100.0,683.14,True,100.0,679.48,308,SPY,2025-10-14,800000,0.0057186196435342,530416000.0,D
663.02,2025-10-14 13:37:45.893556746-04:00,659.25,above_market,True,100.0,661.37,True,100.0,660.6,True,100.0,667.46,True,100.0,683.14,True,100.0,679.48,309,SPY,2025-10-14,800000,0.0057186196435342,530416000.0,D
662.2196,2025-10-15 12:22:53.860497462-04:00,658.45,above_market,True,100.0,656.87,True,100.0,667.47,True,100.0,663.99,True,100.0,683.47,True,100.0,668.2,310,SPY,2025-10-15,1092642,0.0057249601336471,723568948.1832,D
665.17,2025-10-15 16:00:00.220183542-04:00,658.45,above_market,False,95.83333333333368,656.87,True,100.0,667.47,True,100.0,663.99,True,100.0,683.47,True,100.0,668.2,311,SPY,2025-10-15,944911,0.0102057863163488,628526449.87,P
665.17,2025-10-15 16:10:00.000764605-04:00,658.45,above_market,False,95.83333333333368,656.87,True,100.0,667.47,True,100.0,663.99,True,100.0,683.47,True,100.0,668.2,312,SPY,2025-10-15,944911,0.0102057863163488,628526449.87,P
672.54,2025-10-21 11:00:48.046395189-04:00,667.47,above_market,False,13.609467455620305,663.99,True,100.0,673.38,True,100.0,683.14,True,100.0,671.38,True,100.0,658.85,313,SPY,2025-10-21,500000,0.0075958470043596,336270000.0,M
672.38,2025-10-21 11:17:30.962361972-04:00,667.47,above_market,False,14.0529531568217,663.99,True,100.0,673.38,True,100.0,683.14,True,100.0,671.38,True,100.0,658.85,314,SPY,2025-10-21,600000,0.0073561358562931,403428000.0,D
671.29,2025-10-21 16:00:00.197969022-04:00,667.47,above_market,False,18.062827225129645,663.99,True,100.0,673.38,True,100.0,683.14,True,100.0,671.38,True,100.0,658.85,315,SPY,2025-10-21,773595,0.0057231036600894,519306587.55,P
671.29,2025-10-21 16:10:00.000763492-04:00,667.47,above_market,False,18.062827225129645,663.99,True,100.0,673.38,True,100.0,683.14,True,100.0,671.38,True,100.0,658.85,316,SPY,2025-10-21,773595,0.0057231036600894,519306587.55,P
671.29,2025-10-21 16:55:34.074980769-04:00,667.47,above_market,False,18.062827225129645,663.99,True,100.0,673.38,True,100.0,683.14,True,100.0,671.38,True,100.0,658.85,317,SPY,2025-10-21,500000,0.0057231036600894,335645000.0,D
672.4,2025-10-23 14:22:13.373084512-04:00,663.99,above_market,True,100.0,673.38,True,100.0,683.14,True,100.0,675.95,True,100.0,666.48,True,100.0,655.27,318,SPY,2025-10-23,500000,0.0126658534014066,336200000.0,M
672.48,2025-10-23 15:19:55.500728191-04:00,663.99,above_market,True,100.0,673.38,True,100.0,683.14,True,100.0,675.95,True,100.0,666.48,True,100.0,655.27,319,SPY,2025-10-23,750000,0.0127863371436316,504360000.0,M
672.48,2025-10-23 15:23:55.866782244-04:00,663.99,above_market,True,100.0,673.38,True,100.0,683.14,True,100.0,675.95,True,100.0,666.48,True,100.0,655.27,320,SPY,2025-10-23,500000,0.0127863371436316,336240000.0,M
671.76,2025-10-23 16:00:00.232664551-04:00,663.99,above_market,True,100.0,673.38,True,100.0,683.14,True,100.0,675.95,True,100.0,666.48,True,100.0,655.27,321,SPY,2025-10-23,1653029,0.0117019834636063,1110438761.04,P
671.6262,2025-10-23 16:07:34.654795407-04:00,663.99,above_market,True,100.0,673.38,True,100.0,683.14,True,100.0,675.95,True,100.0,666.48,True,100.0,655.27,322,SPY,2025-10-23,600000,0.011500474404735,402975720.0,D
671.76,2025-10-23 16:10:00.003633614-04:00,663.99,above_market,True,100.0,673.38,True,100.0,683.14,True,100.0,675.95,True,100.0,666.48,True,100.0,655.27,323,SPY,2025-10-23,1653029,0.0117019834636063,1110438761.04,P
684.33,2025-10-27 15:37:07.575125004-04:00,673.38,above_market,True,100.0,683.14,True,100.0,675.95,True,100.0,679.44,True,100.0,677.55,True,100.0,671.17,324,SPY,2025-10-27,500000,0.0162612492203511,342165000.0,D
685.24,2025-10-27 16:00:00.238011621-04:00,673.38,above_market,False,97.7234401349074,683.14,True,100.0,675.95,True,100.0,679.44,True,100.0,677.55,True,100.0,671.17,325,SPY,2025-10-27,1303163,0.0176126407080697,892979414.12,P
685.29,2025-10-27 16:06:46.804819944-04:00,673.38,above_market,False,97.31318219983261,683.14,True,100.0,675.95,True,100.0,679.44,True,100.0,677.55,True,100.0,671.17,326,SPY,2025-10-27,500000,0.0176868929876146,342645000.0,M
685.24,2025-10-27 16:10:00.000740545-04:00,673.38,above_market,False,97.7234401349074,683.14,True,100.0,675.95,True,100.0,679.44,True,100.0,677.55,True,100.0,671.17,327,SPY,2025-10-27,1303163,0.0176126407080697,892979414.12,P
685.2735,2025-10-27 16:18:42.406885108-04:00,673.38,above_market,False,97.44818598394093,683.14,True,100.0,675.95,True,100.0,679.44,True,100.0,677.55,True,100.0,671.17,328,SPY,2025-10-27,800000,0.0176623897353649,548218800.0,D
686.05,2025-10-28 11:17:31.178432539-04:00,681.33,above_market,False,93.8559322033905,683.47,False,93.8559322033905,678.17,False,93.8559322033905,671.38,False,93.8559322033905,679.1,False,93.8559322033905,675.8,329,SPY,2025-10-28,1040000,0.0069276268474893,713492000.0,M
688.14,2025-10-28 15:00:03.767439150-04:00,681.33,above_market,False,65.05139500734192,683.47,False,65.05139500734192,678.17,False,65.05139500734192,671.38,False,65.05139500734192,679.1,False,65.05139500734192,675.8,330,SPY,2025-10-28,1000000,0.0099951565320768,688140000.0,M
687.06,2025-10-28 16:00:00.195992605-04:00,681.33,above_market,False,77.31239092495679,683.47,False,77.31239092495679,678.17,False,77.31239092495679,671.38,False,77.31239092495679,679.1,False,77.31239092495679,675.8,331,SPY,2025-10-28,1026889,0.0084100215754478,705534356.3399999,P
687.06,2025-10-28 16:10:00.002318181-04:00,681.33,above_market,False,77.31239092495679,683.47,False,77.31239092495679,678.17,False,77.31239092495679,671.38,False,77.31239092495679,679.1,False,77.31239092495679,675.8,332,SPY,2025-10-28,1026889,0.0084100215754478,705534356.3399999,P
689.075,2025-10-29 11:09:30.665788579-04:00,683.14,above_market,False,-18.871103622577817,675.95,False,-18.871103622577817,679.44,False,-18.871103622577817,673.71,False,-18.871103622577817,679.48,False,-18.871103622577817,679.49,333,SPY,2025-10-29,872000,0.00868782387212,600873400.0,D
688.26,2025-10-29 11:47:31.599512798-04:00,683.14,above_market,False,-21.87500000000007,675.95,False,-21.87500000000007,679.44,False,-21.87500000000007,673.71,False,-21.87500000000007,679.48,False,-21.87500000000007,679.49,334,SPY,2025-10-29,1000000,0.0074948034077934,688260000.0,M
687.39,2025-10-29 16:00:00.236641195-04:00,683.14,above_market,False,-26.352941176470697,675.95,False,-26.352941176470697,679.44,False,-26.352941176470697,673.71,False,-26.352941176470697,679.48,False,-26.352941176470697,679.49,335,SPY,2025-10-29,970591,0.0062212723599847,667174547.49,P
687.39,2025-10-29 16:10:00.000770174-04:00,683.14,above_market,False,-26.352941176470697,675.95,False,-26.352941176470697,679.44,False,-26.352941176470697,673.71,False,-26.352941176470697,679.48,False,-26.352941176470697,679.49,336,SPY,2025-10-29,970591,0.0062212723599847,667174547.49,P
681.53,2025-10-31 12:14:34.679631318-04:00,675.95,above_market,True,100.0,679.44,True,100.0,673.71,True,100.0,667.14,True,100.0,668.09,True,100.0,677.64,337,SPY,2025-10-31,550000,0.008255048450329,374841500.0,M
684.39,2025-10-31 15:43:58.373667092-04:00,675.95,above_market,False,70.2606635071089,679.44,False,70.2606635071089,673.71,False,70.2606635071089,667.14,False,70.2606635071089,668.09,False,70.2606635071089,677.64,338,SPY,2025-10-31,550000,0.0124861306309637,376414500.0,M
683.835,2025-10-31 15:49:45.213588802-04:00,675.95,above_market,False,75.20608750792589,679.44,False,75.20608750792589,673.71,False,75.20608750792589,667.14,False,75.20608750792589,668.09,False,75.20608750792589,677.64,339,SPY,2025-10-31,500000,0.0116650639840224,341917500.0,M
682.06,2025-10-31 16:00:00.218470668-04:00,675.95,above_market,False,97.05400981996803,679.44,False,97.05400981996803,673.71,False,97.05400981996803,667.14,False,97.05400981996803,668.09,False,97.05400981996803,677.64,340,SPY,2025-10-31,2091368,0.0090391301131739,1426438458.08,P
681.8358,2025-10-31 16:08:32.604751734-04:00,675.95,above_market,True,100.0,679.44,True,100.0,673.71,True,100.0,667.14,True,100.0,668.09,True,100.0,677.64,341,SPY,2025-10-31,500000,0.0087074487757968,340917900.0,D
682.06,2025-10-31 16:10:00.002285202-04:00,675.95,above_market,False,97.05400981996803,679.44,False,97.05400981996803,673.71,False,97.05400981996803,667.14,False,97.05400981996803,668.09,False,97.05400981996803,677.64,342,SPY,2025-10-31,2091368,0.0090391301131739,1426438458.08,P
681.84,2025-10-31 16:19:31.709054687-04:00,675.95,above_market,True,100.0,679.44,True,100.0,673.71,True,100.0,667.14,True,100.0,668.09,True,100.0,677.64,343,SPY,2025-10-31,500000,0.0087136622531252,340920000.0,D
683.34,2025-11-03 16:00:00.201708338-05:00,678.17,above_market,False,-40.425531914891465,671.38,False,-23.210831721468374,666.48,False,2.3210831721470573,677.55,False,55.70599613152717,661.87,False,55.70599613152717,679.99,344,SPY,2025-11-03,943259,0.0076234572452336,644566605.0600001,P
683.34,2025-11-03 16:10:00.000780071-05:00,678.17,above_market,False,-40.425531914891465,671.38,False,-23.210831721468374,666.48,False,2.3210831721470573,677.55,False,55.70599613152717,661.87,False,55.70599613152717,679.99,345,SPY,2025-11-03,943259,0.0076234572452336,644566605.0600001,P
675.24,2025-11-04 16:00:00.258887443-05:00,679.44,below_market,True,100.0,673.71,True,100.0,667.14,True,100.0,679.1,True,100.0,656.31,True,100.0,680.48,346,SPY,2025-11-04,1744651,0.0061815612857648,1178058141.24,P
675.24,2025-11-04 16:10:00.000738596-05:00,679.44,below_market,True,100.0,673.71,True,100.0,667.14,True,100.0,679.1,True,100.0,656.31,True,100.0,680.48,347,SPY,2025-11-04,1744651,0.0061815612857648,1178058141.24,P
675.24,2025-11-04 16:59:07.265471212-05:00,679.44,below_market,True,100.0,673.71,True,100.0,667.14,True,100.0,679.1,True,100.0,656.31,True,100.0,680.48,348,SPY,2025-11-04,694258,0.0061815612857648,468790771.92,D
680.38,2025-11-05 14:37:52.158564439-05:00,671.38,above_market,False,23.666666666666618,666.48,False,76.77777777777742,677.55,True,100.0,679.48,True,100.0,658.85,True,100.0,681.78,349,SPY,2025-11-05,471500,0.013405225058834,320799170.0,M
677.58,2025-11-05 16:00:13.568288198-05:00,671.38,above_market,False,34.3548387096771,666.48,True,100.0,677.55,True,100.0,679.48,True,100.0,658.85,True,100.0,681.78,350,SPY,2025-11-05,1469712,0.0092347105960857,995847456.96,D
677.58,2025-11-05 16:10:00.000755450-05:00,671.38,above_market,False,34.3548387096771,666.48,True,100.0,677.55,True,100.0,679.48,True,100.0,658.85,True,100.0,681.78,351,SPY,2025-11-05,1406067,0.0092347105960857,952722877.86,P
670.31,2025-11-06 16:00:00.244860752-05:00,673.71,below_market,True,100.0,667.14,True,100.0,679.1,True,100.0,668.2,True,100.0,648.8,True,100.0,679.73,352,SPY,2025-11-06,1362096,0.0050466818067122,913026569.76,P
670.31,2025-11-06 16:10:00.000809055-05:00,673.71,below_market,True,100.0,667.14,True,100.0,679.1,True,100.0,668.2,True,100.0,648.8,True,100.0,679.73,353,SPY,2025-11-06,1362096,0.0050466818067122,913026569.76,P
670.97,2025-11-07 16:00:00.255432458-05:00,666.48,above_market,True,100.0,677.55,True,100.0,679.48,True,100.0,668.09,True,100.0,655.27,True,100.0,679.14,354,SPY,2025-11-07,1167275,0.0067368863281719,783206506.75,P
670.97,2025-11-07 16:10:00.000826958-05:00,666.48,above_market,True,100.0,677.55,True,100.0,679.48,True,100.0,668.09,True,100.0,655.27,True,100.0,679.14,355,SPY,2025-11-07,1167275,0.0067368863281719,783206506.75,P
681.44,2025-11-10 16:00:00.273266957-05:00,667.14,above_market,False,87.62237762237702,679.1,False,97.27272727272658,668.2,False,97.27272727272658,661.87,False,97.27272727272658,664.91,True,100.0,683.64,356,SPY,2025-11-10,1443181,0.0214347813052733,983441260.64,P
681.44,2025-11-10 16:10:00.000806003-05:00,667.14,above_market,False,87.62237762237702,679.1,False,97.27272727272658,668.2,False,97.27272727272658,661.87,False,97.27272727272658,664.91,True,100.0,683.64,357,SPY,2025-11-10,1443181,0.0214347813052733,983441260.64,P
681.44,2025-11-10 16:54:04.030344702-05:00,667.14,above_market,False,87.62237762237702,679.1,False,97.27272727272658,668.2,False,97.27272727272658,661.87,False,97.27272727272658,664.91,True,100.0,683.64,358,SPY,2025-11-10,453774,0.0214347813052733,309219754.56,D
683.01,2025-11-11 14:49:39.403638658-05:00,677.55,above_market,False,64.10256410256368,679.48,False,64.10256410256368,668.09,False,64.10256410256368,656.31,False,64.10256410256368,671.17,True,100.0,685.24,359,SPY,2025-11-11,700000,0.0080584458711534,478107000.0,M
683.175,2025-11-11 15:04:58.551896700-05:00,677.55,above_market,False,62.22222222222222,679.48,False,62.22222222222222,668.09,False,62.22222222222222,656.31,False,62.22222222222222,671.17,True,100.0,685.24,360,SPY,2025-11-11,1000000,0.0083019703342926,683175000.0,D
683.0,2025-11-11 16:00:00.234747840-05:00,677.55,above_market,False,64.22018348623799,679.48,False,64.22018348623799,668.09,False,64.22018348623799,656.31,False,64.22018348623799,671.17,True,100.0,685.24,361,SPY,2025-11-11,1618614,0.0080436868127814,1105513362.0,P
683.0,2025-11-11 16:10:00.000763641-05:00,677.55,above_market,False,64.22018348623799,679.48,False,64.22018348623799,668.09,False,64.22018348623799,656.31,False,64.22018348623799,671.17,True,100.0,685.24,362,SPY,2025-11-11,1618614,0.0080436868127814,1105513362.0,P
683.38,2025-11-12 16:00:00.195995638-05:00,679.1,above_market,False,-49.76635514018713,668.2,False,-49.76635514018713,661.87,False,-49.76635514018713,658.85,False,-30.14018691588985,675.8,True,100.0,677.87,363,SPY,2025-11-12,1387448,0.0063024591370931,948154214.24,P
683.38,2025-11-12 16:10:00.000870679-05:00,679.1,above_market,False,-49.76635514018713,668.2,False,-49.76635514018713,661.87,False,-49.76635514018713,658.85,False,-30.14018691588985,675.8,True,100.0,677.87,364,SPY,2025-11-12,1387448,0.0063024591370931,948154214.24,P
683.38,2025-11-12 16:19:08.540286994-05:00,679.1,above_market,False,-49.76635514018713,668.2,False,-49.76635514018713,661.87,False,-49.76635514018713,658.85,False,-30.14018691588985,675.8,True,100.0,677.87,365,SPY,2025-11-12,480000,0.0063024591370931,328022400.0,D
675.355,2025-11-13 12:19:02.678556194-05:00,679.48,below_market,True,100.0,668.09,True,100.0,656.31,True,100.0,648.8,True,100.0,679.49,True,100.0,676.84,366,SPY,2025-11-13,1300000,0.0060708188614823,877961500.0,D
672.785,2025-11-13 13:28:04.588435796-05:00,679.48,below_market,True,100.0,668.09,True,100.0,656.31,True,100.0,648.8,True,100.0,679.49,True,100.0,676.84,367,SPY,2025-11-13,600000,0.0098531229763937,403671000.0,M
672.455,2025-11-13 13:53:50.535527108-05:00,679.48,below_market,True,100.0,668.09,True,100.0,656.31,True,100.0,648.8,True,100.0,679.49,True,100.0,676.84,368,SPY,2025-11-13,500000,0.0103387884853122,336227500.0,M
672.04,2025-11-13 16:00:00.304813352-05:00,679.48,below_market,True,100.0,668.09,True,100.0,656.31,True,100.0,648.8,True,100.0,679.49,True,100.0,676.84,369,SPY,2025-11-13,1494963,0.010949549655619,1004674934.52,P
671.8502,2025-11-13 16:07:19.444446193-05:00,679.48,below_market,True,100.0,668.09,True,100.0,656.31,True,100.0,648.8,True,100.0,679.49,True,100.0,676.84,370,SPY,2025-11-13,636378,0.0112288809089304,427550686.5756,D
672.04,2025-11-13 16:10:00.003623880-05:00,679.48,below_market,True,100.0,668.09,True,100.0,656.31,True,100.0,648.8,True,100.0,679.49,True,100.0,676.84,371,SPY,2025-11-13,1494963,0.010949549655619,1004674934.52,P
672.04,2025-11-13 16:55:55.964050611-05:00,679.48,below_market,True,100.0,668.09,True,100.0,656.31,True,100.0,648.8,True,100.0,679.49,True,100.0,676.84,372,SPY,2025-11-13,744003,0.010949549655619,499999776.12,D
672.15,2025-11-14 10:59:54.105378139-05:00,668.2,above_market,False,42.02531645569612,661.87,False,42.02531645569612,658.85,False,88.60759493671038,655.27,True,100.0,676.39,True,100.0,674.99,373,SPY,2025-11-14,2400000,0.0059114037713258,1613160000.0,M
671.95,2025-11-14 11:01:07.291657559-05:00,668.2,above_market,False,44.26666666666581,661.87,False,44.26666666666581,658.85,False,93.33333333333333,655.27,True,100.0,676.39,True,100.0,674.99,374,SPY,2025-11-14,500000,0.0056120921879676,335975000.0,M
671.89,2025-11-14 11:13:45.073368623-05:00,668.2,above_market,False,44.9864498644985,661.87,False,44.9864498644985,658.85,False,94.85094850948661,655.27,True,100.0,676.39,True,100.0,674.99,375,SPY,2025-11-14,500000,0.0055222987129601,335945000.0,D
674.15,2025-11-14 14:50:16.288164905-05:00,668.2,above_market,False,27.89915966386533,661.87,False,27.89915966386533,658.85,False,58.823529411765385,655.27,True,100.0,676.39,True,100.0,674.99,376,SPY,2025-11-14,500000,0.0089045196049086,337075000.0,M
671.93,2025-11-14 16:00:00.265128732-05:00,668.2,above_market,False,44.50402144772146,661.87,False,44.50402144772146,658.85,False,93.83378016086031,655.27,True,100.0,676.39,True,100.0,674.99,377,SPY,2025-11-14,954774,0.0055821610296317,641541293.8199999,P
671.6394,2025-11-14 16:11:49.873977901-05:00,668.2,above_market,False,48.264232133511044,661.87,False,48.264232133511044,658.85,True,100.0,655.27,True,100.0,676.39,True,100.0,674.99,378,SPY,2025-11-14,1200000,0.0051472612990122,805967280.0,D
675.1134,2025-11-20 10:45:36.702730872-05:00,658.85,above_market,False,11.744161737397937,655.27,False,83.00847301302345,671.17,True,100.0,679.49,True,100.0,681.78,True,100.0,682.93,379,SPY,2025-11-20,562500,0.0246845260681489,379751287.5,D
653.145,2025-11-20 15:45:45.223845144-05:00,658.85,below_market,True,100.0,655.27,True,100.0,671.17,True,100.0,679.49,True,100.0,681.78,True,100.0,682.93,380,SPY,2025-11-20,545000,0.0086590270926615,355964025.0,D
652.53,2025-11-20 16:00:00.195329118-05:00,658.85,below_market,True,100.0,655.27,True,100.0,671.17,True,100.0,679.49,True,100.0,681.78,True,100.0,682.93,381,SPY,2025-11-20,1855742,0.0095924717310465,1210927327.26,P
652.4123,2025-11-20 16:05:56.091184636-05:00,658.85,below_market,True,100.0,655.27,True,100.0,671.17,True,100.0,679.49,True,100.0,681.78,True,100.0,682.93,382,SPY,2025-11-20,683562,0.0097711163390757,445964256.6126,D
652.53,2025-11-20 16:10:00.000781874-05:00,658.85,below_market,True,100.0,655.27,True,100.0,671.17,True,100.0,679.49,True,100.0,681.78,True,100.0,682.93,383,SPY,2025-11-20,1855742,0.0095924717310465,1210927327.26,P
652.4025,2025-11-20 16:20:20.895519582-05:00,658.85,below_market,True,100.0,655.27,True,100.0,671.17,True,100.0,679.49,True,100.0,681.78,True,100.0,682.93,384,SPY,2025-11-20,500000,0.0097859907414434,326201250.0,D
653.145,2025-11-20 16:25:05.361594616-05:00,658.85,below_market,True,100.0,655.27,True,100.0,671.17,True,100.0,679.49,True,100.0,681.78,True,100.0,682.93,385,SPY,2025-11-20,545000,0.0086590270926615,355964025.0,D
652.53,2025-11-20 16:56:37.046173958-05:00,658.85,below_market,True,100.0,655.27,True,100.0,671.17,True,100.0,679.49,True,100.0,681.78,True,100.0,682.93,386,SPY,2025-11-20,565686,0.0095924717310465,369127085.58,D
666.62,2025-11-24 10:44:37.202606860-05:00,655.27,above_market,True,100.0,671.17,True,100.0,679.49,True,100.0,677.64,True,100.0,679.14,True,100.0,688.47,387,SPY,2025-11-24,750000,0.017321104277626,499965000.0,M
668.73,2025-11-24 16:00:00.230102884-05:00,655.27,above_market,True,100.0,671.17,True,100.0,679.49,True,100.0,677.64,True,100.0,679.14,True,100.0,688.47,388,SPY,2025-11-24,1831275,0.0205411509759336,1224628530.75,P
668.73,2025-11-24 16:10:00.000770885-05:00,655.27,above_market,True,100.0,671.17,True,100.0,679.49,True,100.0,677.64,True,100.0,679.14,True,100.0,688.47,389,SPY,2025-11-24,1831275,0.0205411509759336,1224628530.75,P
669.0272,2025-11-24 16:15:41.278900666-05:00,655.27,above_market,True,100.0,671.17,True,100.0,679.49,True,100.0,677.64,True,100.0,679.14,True,100.0,688.47,390,SPY,2025-11-24,1425000,0.0209947044729653,953363760.0,D
674.04,2025-11-25 12:45:50.164411049-05:00,664.91,above_market,True,100.0,675.8,True,100.0,676.39,True,100.0,679.99,True,100.0,683.64,True,100.0,688.4,391,SPY,2025-11-25,550000,0.0137311816636838,370722000.0,M
675.02,2025-11-25 16:00:00.261561292-05:00,664.91,above_market,True,100.0,675.8,True,100.0,676.39,True,100.0,679.99,True,100.0,683.64,True,100.0,688.4,392,SPY,2025-11-25,938766,0.0152050653471898,633685825.3199999,P
675.02,2025-11-25 16:10:00.000752-05:00,664.91,above_market,True,100.0,675.8,True,100.0,676.39,True,100.0,679.99,True,100.0,683.64,True,100.0,688.4,393,SPY,2025-11-25,938766,0.0152050653471898,633685825.3199999,P
678.9,2025-11-26 10:39:04.232590792-05:00,671.17,above_market,True,100.0,679.49,True,100.0,677.64,True,100.0,680.48,True,100.0,685.24,True,100.0,685.94,394,SPY,2025-11-26,500000,0.0115172013051835,339450000.0,M
679.68,2025-11-26 16:00:00.253358650-05:00,671.17,above_market,True,100.0,679.49,True,100.0,677.64,True,100.0,680.48,True,100.0,685.24,True,100.0,685.94,395,SPY,2025-11-26,1100239,0.0126793509841023,747810443.52,P
680.055,2025-11-26 16:05:27.445710790-05:00,671.17,above_market,False,96.67979741136793,679.49,False,98.48058525604962,677.64,True,100.0,680.48,True,100.0,685.24,True,100.0,685.94,396,SPY,2025-11-26,500000,0.0132380767912749,340027500.0,M
679.68,2025-11-26 16:10:00.000782190-05:00,671.17,above_market,True,100.0,679.49,True,100.0,677.64,True,100.0,680.48,True,100.0,685.24,True,100.0,685.94,397,SPY,2025-11-26,1100239,0.0126793509841023,747810443.52,P
683.5256,2025-12-01 10:10:44.551860144-05:00,679.49,above_market,False,10.65516899593481,677.64,False,48.81554167905653,680.48,True,100.0,679.73,True,100.0,676.84,True,100.0,680.03,398,SPY,2025-12-01,1212400,0.0059391602525424,828706437.44,D
679.9117,2025-12-02 15:48:35.840741458-05:00,676.39,above_market,True,100.0,679.99,True,100.0,681.78,True,100.0,679.14,True,100.0,674.99,True,100.0,681.28,399,SPY,2025-12-02,589651,0.0052066115702479,400910613.8167,D
681.53,2025-12-02 16:00:00.252509806-05:00,676.39,above_market,False,89.68871595330789,679.99,True,100.0,681.78,True,100.0,679.14,True,100.0,674.99,True,100.0,681.28,400,SPY,2025-12-02,1063073,0.007599166161534,724516141.6899999,P
681.5791,2025-12-02 16:12:54.182097836-05:00,676.39,above_market,False,88.84006860534518,679.99,True,100.0,681.78,True,100.0,679.14,True,100.0,674.99,True,100.0,681.28,401,SPY,2025-12-02,1375000,0.0076717574180577,937171262.5,D
683.34,2025-12-03 12:54:41.422682427-05:00,677.64,above_market,False,67.01754385964946,680.48,True,100.0,679.73,True,100.0,683.64,True,100.0,667.57,True,100.0,685.81,402,SPY,2025-12-03,1350000,0.0084115459536037,922509000.0,D
683.89,2025-12-03 16:00:00.317002173-05:00,677.64,above_market,False,61.12000000000079,680.48,True,100.0,679.73,True,100.0,683.64,True,100.0,667.57,True,100.0,685.81,403,SPY,2025-12-03,1498077,0.0092231863526356,1024519879.53,P
683.89,2025-12-03 16:10:00.000728060-05:00,677.64,above_market,False,61.12000000000079,680.48,True,100.0,679.73,True,100.0,683.64,True,100.0,667.57,True,100.0,685.81,404,SPY,2025-12-03,1498077,0.0092231863526356,1024519879.53,P
683.6713,2025-12-04 10:31:30.563993519-05:00,679.99,above_market,True,100.0,681.78,True,100.0,679.14,True,100.0,685.24,True,100.0,672.61,True,100.0,689.89,405,SPY,2025-12-04,971500,0.0054137560846482,664186667.9499999,D
684.075,2025-12-04 12:17:24.919736575-05:00,679.99,above_market,True,100.0,681.78,True,100.0,679.14,True,100.0,685.24,True,100.0,672.61,True,100.0,689.89,406,SPY,2025-12-04,1000000,0.0060074412859013,684075000.0,M
685.34,2025-12-04 14:08:23.855262110-05:00,679.99,above_market,False,83.55140186915904,681.78,False,83.55140186915904,679.14,False,99.43925233644698,685.24,False,99.43925233644698,672.61,True,100.0,689.89,407,SPY,2025-12-04,625000,0.0078677627612171,428337500.0,D
683.47,2025-12-04 14:55:48.090175213-05:00,679.99,above_market,True,100.0,681.78,True,100.0,679.14,True,100.0,685.24,True,100.0,672.61,True,100.0,689.89,408,SPY,2025-12-04,450000,0.0051177223194459,307561500.0,M
683.775,2025-12-04 15:56:45.827497647-05:00,679.99,above_market,True,100.0,681.78,True,100.0,679.14,True,100.0,685.24,True,100.0,672.61,True,100.0,689.89,409,SPY,2025-12-04,500000,0.0055662583273282,341887500.0,M
684.39,2025-12-04 16:00:00.184012734-05:00,679.99,above_market,True,100.0,681.78,True,100.0,679.14,True,100.0,685.24,True,100.0,672.61,True,100.0,689.89,410,SPY,2025-12-04,738143,0.0064706833924027,505177687.77,P
684.4084,2025-12-04 16:12:22.306293760-05:00,679.99,above_market,True,100.0,681.78,True,100.0,679.14,True,100.0,685.24,True,100.0,672.61,True,100.0,689.89,411,SPY,2025-12-04,750000,0.0064977426138619,513306300.0,D
685.9775,2025-12-05 14:54:05.272042857-05:00,680.48,above_market,False,40.7457935425199,679.73,False,82.94679399727131,683.64,False,87.85811732605686,677.87,False,87.85811732605686,678.7,True,100.0,687.67,412,SPY,2025-12-05,600000,0.0080788561015752,411586500.0,M
685.69,2025-12-05 16:00:00.232991476-05:00,680.48,above_market,False,42.994241842610236,679.73,False,87.52399232245516,683.64,False,92.70633397312655,677.87,False,92.70633397312655,678.7,True,100.0,687.67,413,SPY,2025-12-05,1330557,0.0076563602163179,912349629.33,P
685.8429,2025-12-05 16:05:03.125018436-05:00,680.48,above_market,False,41.7684461765094,679.73,False,85.02862257360707,683.64,False,90.06321206809666,677.87,False,90.06321206809666,678.7,True,100.0,687.67,414,SPY,2025-12-05,729108,0.0078810545497295,500053545.1332,D
685.8309,2025-12-05 16:13:58.267774143-05:00,680.48,above_market,False,41.86211665327326,679.73,False,85.21930890130491,683.64,False,90.26518903361874,677.87,False,90.26518903361874,678.7,True,100.0,687.67,415,SPY,2025-12-05,1413520,0.0078634199388667,969435693.768,D
684.5059,2025-12-05 16:18:57.915120138-05:00,680.48,above_market,False,55.63973273057008,679.73,True,100.0,683.64,True,100.0,677.87,True,100.0,678.7,True,100.0,687.67,416,SPY,2025-12-05,449500,0.0059162649894192,307685402.05,D
688.42,2025-12-10 15:48:00.968518440-05:00,679.14,above_market,False,66.487068965517,685.24,False,66.487068965517,676.84,False,66.487068965517,667.57,True,100.0,688.47,True,100.0,693.23,417,SPY,2025-12-10,1000000,0.0136643401949524,688420000.0,D
687.57,2025-12-10 16:00:00.224510711-05:00,679.14,above_market,False,73.1909845788839,685.24,False,73.1909845788839,676.84,False,73.1909845788839,667.57,True,100.0,688.47,True,100.0,693.23,418,SPY,2025-12-10,1643302,0.0124127573107165,1129885156.14,P
687.57,2025-12-10 16:10:00.003827430-05:00,679.14,above_market,False,73.1909845788839,685.24,False,73.1909845788839,676.84,False,73.1909845788839,667.57,True,100.0,688.47,True,100.0,693.23,419,SPY,2025-12-10,1643302,0.0124127573107165,1129885156.14,P
687.5278,2025-12-10 16:43:04.324047217-05:00,679.14,above_market,False,73.55921695796252,685.24,False,73.55921695796252,676.84,False,73.55921695796252,667.57,True,100.0,688.47,True,100.0,693.23,420,SPY,2025-12-10,692652,0.0123506199016402,476217505.7256,D
689.17,2025-12-11 16:00:00.195477592-05:00,683.64,above_market,False,23.688969258590696,677.87,False,23.688969258590696,674.99,False,23.688969258590696,672.61,True,100.0,688.4,True,100.0,691.85,421,SPY,2025-12-11,1282162,0.0080890527178046,883627585.54,P
688.9628,2025-12-11 16:11:37.025566277-05:00,683.64,above_market,False,24.61110693619997,677.87,False,24.61110693619997,674.99,False,24.61110693619997,672.61,True,100.0,688.4,True,100.0,691.85,422,SPY,2025-12-11,1829026,0.007785969223568,1260130874.2328,D
688.9675,2025-12-11 16:16:40.938431183-05:00,683.64,above_market,False,24.589394650400045,677.87,False,24.589394650400045,674.99,False,24.589394650400045,672.61,True,100.0,688.4,True,100.0,691.85,423,SPY,2025-12-11,935714,0.0077928441869989,644676535.295,D
