block_price,block_time,market_price,direction,reached_1d,pct_toward_1d,close_1d,reached_3d,pct_toward_3d,close_3d,reached_1w,pct_toward_1w,close_1w,reached_2w,pct_toward_2w,close_2w,reached_1mo,pct_toward_1mo,close_1mo,event_idx,ticker,trade_date,size,deviation,dollar_value,exchange
597.0261,2025-06-16 15:19:16.049485511-04:00,588.69,above_market,False,56.141361068124866,589.21,False,56.141361068124866,587.74,True,100.0,600.1,True,100.0,610.85,True,100.0,621.13,0,SPY,2025-06-16,1511773,0.0081469606100375,902567938.2753,D
634.46,2025-07-30 18:30:00.000755890-04:00,628.27,above_market,False,73.34410339256743,625.12,False,73.34410339256743,624.22,False,73.34410339256743,625.82,True,100.0,637.79,True,100.0,641.78,1,SPY,2025-07-30,701684,0.0062028131950752,445190430.6400001,P
628.0228,2025-08-06 11:45:17.469734978-04:00,621.06,above_market,True,100.0,625.29,True,100.0,628.92,True,100.0,637.79,True,100.0,631.09,True,100.0,640.12,2,SPY,2025-08-06,796447,0.0064109480678718,500186874.9916,D
628.0228,2025-08-06 14:02:32.943351476-04:00,621.06,above_market,True,100.0,625.29,True,100.0,628.92,True,100.0,637.79,True,100.0,631.09,True,100.0,640.12,3,SPY,2025-08-06,1590874,0.007128966261159,999105143.9272,D
632.1468,2025-08-08 16:21:00.768898076-04:00,625.29,above_market,False,96.69233461673046,628.92,True,100.0,637.79,True,100.0,636.36,True,100.0,638.21,True,100.0,643.17,4,SPY,2025-08-08,781100,0.009407192666301,493769865.48,D
646.9694,2025-08-15 11:09:24.215836949-04:00,637.85,above_market,False,-10.307695681734128,636.22,False,-9.101475974297076,631.09,False,16.777419567076617,638.21,False,49.12603899379404,637.95,True,100.0,652.74,5,SPY,2025-08-15,1000000,0.0052952196029097,646969400.0,D
652.2168,2025-09-11 10:44:36.054557749-04:00,645.03,above_market,False,95.03534257249376,650.17,True,100.0,652.74,True,100.0,654.97,True,100.0,652.61,True,100.0,647.62,6,SPY,2025-09-11,753995,0.0070990135184507,491768206.116,D
659.2254,2025-09-18 10:13:27.942389736-04:00,651.93,above_market,False,97.73281794007062,658.22,True,100.0,657.73,True,100.0,652.61,True,100.0,663.69,True,100.0,658.9,7,SPY,2025-09-18,577633,0.0065772540273361,380790345.4782,D
659.2254,2025-09-18 15:00:28.696874101-04:00,651.93,above_market,False,97.73281794007062,658.22,True,100.0,657.73,True,100.0,652.61,True,100.0,663.69,True,100.0,658.9,8,SPY,2025-09-18,502159,0.0061279380060002,331035967.6386,D
661.1969,2025-09-25 14:02:45.783221197-04:00,655.64,above_market,False,22.67451276790983,656.35,False,98.97604779643252,660.67,True,100.0,663.69,True,100.0,665.61,True,100.0,671.65,9,SPY,2025-09-25,761376,0.0097538217192774,503419450.9344,D
671.2084,2025-10-10 16:41:20.064978298-04:00,665.61,above_market,False,-106.81623320948933,657.56,False,-16.433266647612964,659.67,False,-16.433266647612964,658.9,True,100.0,671.65,True,100.0,675.81,10,SPY,2025-10-10,918100,0.0264073318086256,616236432.04,D
660.7104,2025-10-17 16:29:03.711424011-04:00,655.18,above_market,True,100.0,665.75,True,100.0,662.28,True,100.0,671.65,True,100.0,676.42,True,100.0,660.17,11,SPY,2025-10-17,1138446,0.0066148456646268,752183112.0384,D
664.1977,2025-10-20 12:04:25.108240410-04:00,658.9,above_market,True,100.0,665.74,True,100.0,666.21,True,100.0,679.58,True,100.0,677.69,True,100.0,654.63,12,SPY,2025-10-20,760189,0.0095305796935468,504915785.36530006,D
671.3135,2025-10-22 15:04:17.170375400-04:00,665.74,above_market,False,25.298286534493165,666.21,True,100.0,679.58,True,100.0,681.71,True,100.0,671.98,True,100.0,647.14,13,SPY,2025-10-22,1118271,0.0076604974407468,750710418.9585,D
671.6534,2025-10-24 16:57:32.491243198-04:00,666.21,above_market,True,100.0,679.58,True,100.0,681.71,True,100.0,676.42,True,100.0,665.43,True,100.0,663.2,14,SPY,2025-10-24,1000000,0.0078535237898281,671653400.0,D
680.02,2025-10-30 16:58:48.468602953-04:00,681.71,below_market,True,100.0,676.42,True,100.0,669.66,True,100.0,664.77,True,100.0,666.49,True,100.0,674.65,15,SPY,2025-10-30,660000,0.005629724947724,448813200.0,D
679.83,2025-10-30 18:30:00.000746799-04:00,681.71,below_market,True,100.0,676.42,True,100.0,669.66,True,100.0,664.77,True,100.0,666.49,True,100.0,674.65,16,SPY,2025-10-30,1135993,0.0063579759712355,772282121.19,P
662.63,2025-11-19 18:30:00.000758050-05:00,654.63,above_market,True,100.0,647.14,True,100.0,663.2,True,100.0,674.06,True,100.0,678.73,True,100.0,676.96,17,SPY,2025-11-19,909665,0.0085583900650857,602771318.95,P
654.6585,2025-11-21 11:51:28.548517826-05:00,647.14,above_market,True,100.0,663.2,True,100.0,674.06,True,100.0,674.65,True,100.0,677.98,True,100.0,684.29,18,SPY,2025-11-21,500000,0.0056525107081016,327329250.0,D
674.715,2025-11-28 13:12:52.685410003-05:00,674.06,above_market,True,100.0,674.65,True,100.0,678.24,True,100.0,680.02,True,100.0,676.13,True,100.0,683.35,19,SPY,2025-11-28,500000,0.012072449338175,337357500.0,D
673.15,2025-11-28 14:15:45.176634729-05:00,674.06,below_market,True,100.0,674.65,True,100.0,678.24,True,100.0,680.02,True,100.0,676.13,True,100.0,683.35,20,SPY,2025-11-28,500000,0.0144938145084546,336575000.0,D
673.715,2025-11-28 14:17:42.202093450-05:00,674.06,below_market,True,100.0,674.65,True,100.0,678.24,True,100.0,680.02,True,100.0,676.13,True,100.0,683.35,21,SPY,2025-11-28,500000,0.0136522019208244,336857500.0,D
673.715,2025-11-28 14:19:48.268979692-05:00,674.06,below_market,True,100.0,674.65,True,100.0,678.24,True,100.0,680.02,True,100.0,676.13,True,100.0,683.35,22,SPY,2025-11-28,500000,0.0136522019208244,336857500.0,D
688.9979,2025-12-12 10:21:59.378139282-05:00,683.47,above_market,False,-61.14437670724936,675.1,False,-61.14437670724936,665.85,False,-61.14437670724936,676.96,False,81.40523526113091,684.18,True,100.0,686.68,23,SPY,2025-12-12,502305,0.0052494901151867,346087090.1595,D
688.9979,2025-12-12 10:29:00.538687689-05:00,683.47,above_market,False,-61.14437670724936,675.1,False,-61.14437670724936,665.85,False,-61.14437670724936,676.96,False,81.40523526113091,684.18,True,100.0,686.68,24,SPY,2025-12-12,502305,0.0073657816246562,346087090.1595,D
680.72,2025-12-16 14:07:09.188418445-05:00,675.1,above_market,False,-5.160142348755819,665.85,False,41.99288256227779,676.96,True,100.0,684.29,True,100.0,678.28,True,100.0,687.97,25,SPY,2025-12-16,502204,0.0061338811948504,341860306.88,D
679.1137,2025-12-17 13:56:56.032101526-05:00,673.26,above_market,False,31.6039428054055,670.88,True,100.0,681.18,True,100.0,686.7,True,100.0,679.53,True,100.0,673.97,26,SPY,2025-12-17,992757,0.0099696613673205,674194879.4708999,D
671.2689,2025-12-18 10:26:23.377839308-05:00,665.85,above_market,True,100.0,676.96,True,100.0,684.29,True,100.0,686.63,True,100.0,684.05,True,100.0,681.75,27,SPY,2025-12-18,502103,0.0110510187545117,337046128.4967,D
671.2689,2025-12-18 12:07:28.439012208-05:00,665.85,above_market,True,100.0,676.96,True,100.0,684.29,True,100.0,686.63,True,100.0,684.05,True,100.0,681.75,28,SPY,2025-12-18,502103,0.009723394211194,337046128.4967,D
676.7671,2025-12-19 12:17:13.563687865-05:00,670.88,above_market,True,100.0,681.18,True,100.0,686.7,True,100.0,684.18,True,100.0,688.12,True,100.0,685.31,29,SPY,2025-12-19,2194000,0.0054709106673132,1484827017.4,D
680.5868,2025-12-22 14:46:23.426275050-05:00,676.96,above_market,True,100.0,684.29,True,100.0,686.63,True,100.0,683.35,True,100.0,685.9,True,100.0,685.55,30,SPY,2025-12-22,589647,0.0061742222352022,401305964.8596,D
680.5868,2025-12-22 15:12:46.959982107-05:00,676.96,above_market,True,100.0,684.29,True,100.0,686.63,True,100.0,683.35,True,100.0,685.9,True,100.0,685.55,31,SPY,2025-12-22,589589,0.0061669660197717,401266490.8252,D
689.6022,2026-01-09 16:33:55.397075542-05:00,685.83,above_market,True,100.0,691.45,True,100.0,686.68,True,100.0,687.97,True,100.0,689.04,True,100.0,688.43,32,SPY,2026-01-09,1335600,0.0061650429469071,921032698.32,D
693.8932,2026-01-14 14:43:24.666060311-05:00,690.07,above_market,False,43.68068633605331,688.55,False,43.68068633605331,673.97,False,43.68068633605331,685.31,True,100.0,690.34,True,100.0,678.11,33,SPY,2026-01-14,500000,0.0080821698894424,346946600.0,D
694.6235,2026-01-30 15:05:59.847368391-05:00,690.34,above_market,False,67.0012839967317,691.7,False,67.70164585035543,682.53,False,67.70164585035543,686.94,False,71.9038169721005,678.11,False,71.9038169721005,676.7,34,SPY,2026-01-30,1439628,0.0058260932522444,999999440.058,D
692.1181,2026-02-12 15:51:09.162849999-05:00,688.27,above_market,False,-146.8257061926642,678.11,False,-72.50331332345654,682.63,False,-49.11514773524503,685.75,False,44.43751461760392,682.33,False,44.43751461760392,665.46,35,SPY,2026-02-12,504210,0.0165799098159599,348972867.20100003,D
682.3857,2026-02-20 11:24:59.877119907-05:00,680.83,above_market,True,100.0,678.75,True,100.0,689.45,True,100.0,682.33,True,100.0,668.79,True,100.0,653.7,36,SPY,2026-02-20,1000000,0.0066408267530156,682385700.0,D
662.3037,2026-03-16 12:21:20.482362493-04:00,658.76,above_market,True,100.0,667.21,True,100.0,656.28,True,100.0,653.7,True,100.0,630.35,True,100.0,698.14,37,SPY,2026-03-16,1509881,0.0091800311172281,999999772.8597,D
656.8393,2026-03-20 10:51:53.344672947-04:00,656.28,above_market,True,100.0,653.7,True,100.0,655.13,True,100.0,632.46,True,100.0,657.24,True,100.0,702.27,38,SPY,2026-03-20,1000000,0.0070592654488029,656839300.0,D
656.8393,2026-03-20 10:59:51.654191130-04:00,656.28,above_market,True,100.0,653.7,True,100.0,655.13,True,100.0,632.46,True,100.0,657.24,True,100.0,702.27,39,SPY,2026-03-20,963800,0.0072368582469483,633061717.34,D
648.57,2026-03-20 18:30:00.000835581-04:00,656.28,below_market,False,52.140077821011964,653.7,True,100.0,655.13,True,100.0,632.46,True,100.0,657.24,True,100.0,702.27,40,SPY,2026-03-20,3301159,0.0082875884952368,2141032692.63,P
648.0975,2026-03-23 15:20:48.442457380-04:00,646.9,above_market,True,100.0,651.5,True,100.0,643.43,True,100.0,630.35,True,100.0,657.53,True,100.0,709.38,41,SPY,2026-03-23,507467,0.0144802469511268,328888094.0325,D
653.18,2026-03-24 18:30:00.000779702-04:00,653.7,below_market,True,100.0,655.13,True,100.0,632.46,True,100.0,648.67,True,100.0,674.27,True,100.0,706.63,42,SPY,2026-03-24,1225686,0.0060866124958154,800593581.4799999,P
659.22,2026-04-07 18:30:00.000784201-04:00,657.24,above_market,True,100.0,674.27,True,100.0,677.71,True,100.0,692.68,True,100.0,702.27,True,100.0,731.94,43,SPY,2026-04-07,1029811,0.0082420826886173,678872007.4200001,P
659.3078,2026-04-08 14:53:44.687902313-04:00,657.53,above_market,True,100.0,678.16,True,100.0,684.34,True,100.0,698.14,True,100.0,709.38,True,100.0,729.7,44,SPY,2026-04-08,1000000,0.0217259440611321,659307800.0,D
592.71,2025-06-02 16:00:00.273316494-04:00,581.19,above_market,False,65.79861111111059,587.79,False,82.20486111111049,584.79,True,100.0,591.33,True,100.0,594.29,True,100.0,613.62,45,SPY,2025-06-02,874420,0.0172135649069816,518277478.2000001,P
592.71,2025-06-02 16:10:00.000747996-04:00,581.19,above_market,False,65.79861111111059,587.79,False,82.20486111111049,584.79,True,100.0,591.33,True,100.0,594.29,True,100.0,613.62,46,SPY,2025-06-02,874420,0.0172135649069816,518277478.2000001,P
596.09,2025-06-03 16:00:00.288398949-04:00,584.46,above_market,False,44.45399828030921,587.63,False,68.87360275150468,590.8,False,91.22957867583851,594.68,True,100.0,589.21,True,100.0,618.46,47,SPY,2025-06-03,829358,0.0172878694791453,494372010.22,P
596.09,2025-06-03 16:10:00.000882451-04:00,584.46,above_market,False,44.45399828030921,587.63,False,68.87360275150468,590.8,False,91.22957867583851,594.68,True,100.0,589.21,True,100.0,618.46,48,SPY,2025-06-03,829358,0.0172878694791453,494372010.22,P
750.33,2026-06-16 16:00:00.218233592-04:00,752.89,below_market,True,100.0,739.06,True,100.0,744.39,True,100.0,733.24,False,0.0,,False,0.0,,49,SPY,2026-06-16,1842771,0.0059616072493144,1382686364.43,P
750.0578,2026-06-16 16:09:36.841982088-04:00,752.89,below_market,True,100.0,739.06,True,100.0,744.39,True,100.0,733.24,False,0.0,,False,0.0,,50,SPY,2026-06-16,615300,0.0063222182478173,461510564.34,D
750.0572,2026-06-16 16:10:54.864176247-04:00,752.89,below_market,True,100.0,739.06,True,100.0,744.39,True,100.0,733.24,False,0.0,,False,0.0,,51,SPY,2026-06-16,8645161,0.006323013128784,6484365253.2092,D
750.0322,2026-06-16 16:16:42.353743104-04:00,752.89,below_market,True,100.0,739.06,True,100.0,744.39,True,100.0,733.24,False,0.0,,False,0.0,,52,SPY,2026-06-16,3013668,0.006356133169058,2260348040.1096,D
597.55,2025-06-04 09:45:47.520150291-04:00,587.79,above_market,False,29.405737704918106,584.79,False,52.15163934426267,591.33,False,90.67622950819704,592.99,False,90.67622950819704,589.12,True,100.0,613.85,53,SPY,2025-06-04,645000,0.0139824540564389,385419750.0,M
595.93,2025-06-04 16:00:00.288394860-04:00,587.79,above_market,False,35.257985257985375,584.79,False,62.53071253071303,591.33,True,100.0,592.99,True,100.0,589.12,True,100.0,613.85,54,SPY,2025-06-04,1185366,0.0112334764385467,706395160.38,P
595.93,2025-06-04 16:10:00.000785883-04:00,587.79,above_market,False,35.257985257985375,584.79,False,62.53071253071303,591.33,True,100.0,592.99,True,100.0,589.12,True,100.0,613.85,55,SPY,2025-06-04,1185366,0.0112334764385467,706395160.38,P
593.05,2025-06-05 16:00:00.251583800-04:00,587.63,above_market,False,89.29889298893116,590.8,True,100.0,594.68,True,100.0,595.35,True,100.0,587.74,True,100.0,613.51,56,SPY,2025-06-05,1164139,0.0066197063566154,690392633.9499999,P
593.05,2025-06-05 16:10:00.000825700-04:00,587.63,above_market,False,89.29889298893116,590.8,True,100.0,594.68,True,100.0,595.35,True,100.0,587.74,True,100.0,613.51,57,SPY,2025-06-05,1164139,0.0066197063566154,690392633.9499999,P
597.645,2025-06-06 13:11:20.867271312-04:00,584.79,above_market,False,62.932711007390274,591.33,False,92.18203033838978,592.99,False,92.18203033838978,588.69,False,92.18203033838978,593.54,True,100.0,617.19,58,SPY,2025-06-06,1200000,0.0193501620330889,717174000.0,D
597.645,2025-06-06 13:20:13.957144324-04:00,584.79,above_market,False,62.932711007390274,591.33,False,92.18203033838978,592.99,False,92.18203033838978,588.69,False,92.18203033838978,593.54,True,100.0,617.19,59,SPY,2025-06-06,1200000,0.0193501620330889,717174000.0,D
599.14,2025-06-06 16:00:00.203225586-04:00,584.79,above_market,False,56.37630662020919,591.33,False,82.57839721254359,592.99,False,82.57839721254359,588.69,False,82.57839721254359,593.54,True,100.0,617.19,60,SPY,2025-06-06,1275672,0.0219000511683439,764306122.0799999,P
599.14,2025-06-06 16:10:00.000732303-04:00,584.79,above_market,False,56.37630662020919,591.33,False,82.57839721254359,592.99,False,82.57839721254359,588.69,False,82.57839721254359,593.54,True,100.0,617.19,61,SPY,2025-06-06,1275672,0.0219000511683439,764306122.0799999,P
600.68,2025-06-09 15:16:31.414725388-04:00,590.8,above_market,False,43.218623481782366,594.68,False,59.10931174089104,595.35,False,59.10931174089104,594.29,True,100.0,600.1,True,100.0,618.93,62,SPY,2025-06-09,500000,0.0141139924365206,300340000.0,M
599.68,2025-06-09 16:00:00.392779837-04:00,590.8,above_market,False,48.085585585586685,594.68,False,65.76576576576616,595.35,False,65.76576576576616,594.29,True,100.0,600.1,True,100.0,618.93,63,SPY,2025-06-09,674825,0.0124257158292813,404679056.0,P
599.68,2025-06-09 16:10:00.000766784-04:00,590.8,above_market,False,48.085585585586685,594.68,False,65.76576576576616,595.35,False,65.76576576576616,594.29,True,100.0,600.1,True,100.0,618.93,64,SPY,2025-06-09,674825,0.0124257158292813,404679056.0,P
603.08,2025-06-10 16:00:00.235681379-04:00,591.33,above_market,False,45.19148936170166,592.99,False,45.19148936170166,588.69,False,45.19148936170166,589.21,False,90.04255319148874,600.44,True,100.0,616.76,65,SPY,2025-06-10,1236881,0.0172556295858986,745938193.48,P
602.9944,2025-06-10 16:10:48.208175893-04:00,591.33,above_market,False,45.52313020815426,592.99,False,45.52313020815426,588.69,False,45.52313020815426,589.21,False,90.70333664826246,600.44,True,100.0,616.76,66,SPY,2025-06-10,1312000,0.0171112423041241,791128652.8000001,D
602.9869,2025-06-10 16:15:25.595422447-04:00,591.33,above_market,False,45.55241959697662,592.99,False,45.55241959697662,588.69,False,45.55241959697662,589.21,False,90.76169479020984,600.44,True,100.0,616.76,67,SPY,2025-06-10,531400,0.0170985915492957,320427238.66,D
604.21,2025-06-11 13:11:46.045831919-04:00,594.68,above_market,False,7.030430220357468,595.35,False,14.270724029380915,594.29,False,14.270724029380915,589.12,True,100.0,605.14,True,100.0,617.93,68,SPY,2025-06-11,500000,0.0134010935560699,302105000.0,M
601.36,2025-06-11 16:00:00.125476615-04:00,594.68,above_market,False,10.029940119761473,595.35,False,20.35928143712576,594.29,False,20.35928143712576,589.12,True,100.0,605.14,True,100.0,617.93,69,SPY,2025-06-11,642263,0.0086209788333165,386231277.68,P
601.36,2025-06-11 16:10:00.000759947-04:00,594.68,above_market,False,10.029940119761473,595.35,False,20.35928143712576,594.29,False,20.35928143712576,589.12,True,100.0,605.14,True,100.0,617.93,70,SPY,2025-06-11,642263,0.0086209788333165,386231277.68,P
602.11,2025-06-12 12:09:29.929008542-04:00,592.99,above_market,False,5.263157894737039,588.69,False,33.44298245613984,589.21,False,33.44298245613984,587.74,True,100.0,608.14,True,100.0,615.29,71,SPY,2025-06-12,500000,0.0127666016282043,301055000.0,D
603.28,2025-06-12 14:21:12.470050576-04:00,592.99,above_market,False,4.664723032070165,588.69,False,29.640427599610934,589.21,False,29.640427599610934,587.74,True,100.0,608.14,True,100.0,615.29,72,SPY,2025-06-12,500000,0.0147345757922357,301640000.0,M
603.75,2025-06-12 16:00:00.252485895-04:00,592.99,above_market,False,4.460966542751102,588.69,False,28.345724907062795,589.21,False,28.345724907062795,587.74,True,100.0,608.14,True,100.0,615.29,73,SPY,2025-06-12,799123,0.0155251295162484,482470511.25,P
603.75,2025-06-12 16:10:00.000718839-04:00,592.99,above_market,False,4.460966542751102,588.69,False,28.345724907062795,589.21,False,28.345724907062795,587.74,True,100.0,608.14,True,100.0,615.29,74,SPY,2025-06-12,799123,0.0155251295162484,482470511.25,P
599.49,2025-06-18 13:55:52.028965998-04:00,589.21,above_market,False,35.505836575875364,587.74,True,100.0,600.1,True,100.0,605.14,True,100.0,618.46,True,100.0,621.85,75,SPY,2025-06-18,2120000,0.014829109745569,1270918800.0,M
599.49,2025-06-18 14:32:04.470460534-04:00,589.21,above_market,False,35.505836575875364,587.74,True,100.0,600.1,True,100.0,605.14,True,100.0,618.46,True,100.0,621.85,76,SPY,2025-06-18,1696000,0.014829109745569,1016735040.0,M
597.44,2025-06-18 16:00:00.127032752-04:00,589.21,above_market,False,44.349939246658195,587.74,True,100.0,600.1,True,100.0,605.14,True,100.0,618.46,True,100.0,621.85,77,SPY,2025-06-18,1040810,0.0113588272137863,621821526.4000001,P
597.44,2025-06-18 16:08:04.768887475-04:00,589.21,above_market,False,44.349939246658195,587.74,True,100.0,600.1,True,100.0,605.14,True,100.0,618.46,True,100.0,621.85,78,SPY,2025-06-18,1200000,0.0113588272137863,716928000.0000001,D
597.44,2025-06-18 16:10:00.000772087-04:00,589.21,above_market,False,44.349939246658195,587.74,True,100.0,600.1,True,100.0,605.14,True,100.0,618.46,True,100.0,621.85,79,SPY,2025-06-18,1040810,0.0113588272137863,621821526.4000001,P
597.425,2025-06-18 16:15:36.634444170-04:00,589.21,above_market,False,44.43091905051752,587.74,True,100.0,600.1,True,100.0,605.14,True,100.0,618.46,True,100.0,621.85,80,SPY,2025-06-18,600000,0.011333434902578,358455000.0,D
598.6383,2025-06-20 09:38:36.561738643-04:00,589.12,above_market,False,50.53423405440014,593.54,True,100.0,600.44,True,100.0,608.14,True,100.0,613.85,True,100.0,621.94,81,SPY,2025-06-20,1543900,0.0135417513206013,924237671.37,D
594.41,2025-06-20 10:53:24.580781467-04:00,589.12,above_market,False,90.92627599243815,593.54,True,100.0,600.44,True,100.0,608.14,True,100.0,613.85,True,100.0,621.94,82,SPY,2025-06-20,1000000,0.0063829066775023,594410000.0,D
598.6482,2025-06-20 11:40:54.485696389-04:00,589.12,above_market,False,50.48172792342689,593.54,True,100.0,600.44,True,100.0,608.14,True,100.0,613.85,True,100.0,621.94,83,SPY,2025-06-20,1000000,0.0135585127996749,598648200.0,D
594.92,2025-06-20 13:19:44.224865905-04:00,589.12,above_market,False,82.93103448275832,593.54,True,100.0,600.44,True,100.0,608.14,True,100.0,613.85,True,100.0,621.94,84,SPY,2025-06-20,1800000,0.0072463768115941,1070856000.0,M
594.28,2025-06-20 16:00:00.303423485-04:00,589.12,above_market,False,93.21705426356542,593.54,True,100.0,600.44,True,100.0,608.14,True,100.0,613.85,True,100.0,621.94,85,SPY,2025-06-20,3240360,0.0061628064472436,1925681140.8,P
595.06,2025-06-20 16:09:40.562171288-04:00,589.12,above_market,False,80.97643097643086,593.54,True,100.0,600.44,True,100.0,608.14,True,100.0,613.85,True,100.0,621.94,86,SPY,2025-06-20,1200000,0.0074834078287958,714071999.9999999,M
594.28,2025-06-20 16:10:00.000739400-04:00,589.12,above_market,False,93.21705426356542,593.54,True,100.0,600.44,True,100.0,608.14,True,100.0,613.85,True,100.0,621.94,87,SPY,2025-06-20,3240360,0.0061628064472436,1925681140.8,P
600.15,2025-06-23 16:00:00.342618522-04:00,587.74,above_market,True,100.0,600.1,True,100.0,605.14,True,100.0,611.05,True,100.0,613.51,True,100.0,627.23,88,SPY,2025-06-23,848548,0.0184980907933813,509256082.2,P
600.1438,2025-06-23 16:05:42.436925330-04:00,587.74,above_market,True,100.0,600.1,True,100.0,605.14,True,100.0,611.05,True,100.0,613.51,True,100.0,627.23,89,SPY,2025-06-23,808638,0.0184875689435724,485299082.14440006,D
600.1385,2025-06-23 16:13:29.823052203-04:00,587.74,above_market,True,100.0,600.1,True,100.0,605.14,True,100.0,611.05,True,100.0,613.51,True,100.0,627.23,90,SPY,2025-06-23,1000000,0.0184785744590581,600138500.0,D
607.465,2025-06-24 15:05:37.404117398-04:00,593.54,above_market,False,60.107719928186455,600.44,True,100.0,608.14,True,100.0,610.85,True,100.0,617.19,True,100.0,627.44,91,SPY,2025-06-24,1000000,0.0208294822457861,607465000.0,M
607.5,2025-06-24 15:12:44.632406206-04:00,593.54,above_market,False,59.957020057306465,600.44,True,100.0,608.14,True,100.0,610.85,True,100.0,617.19,True,100.0,627.44,92,SPY,2025-06-24,500000,0.0208882988555967,303750000.0,M
606.78,2025-06-24 16:00:00.220983352-04:00,593.54,above_market,False,63.21752265861026,600.44,True,100.0,608.14,True,100.0,610.85,True,100.0,617.19,True,100.0,627.44,93,SPY,2025-06-24,1205291,0.0196783571680641,731346472.98,P
606.8352,2025-06-24 16:11:10.902088833-04:00,593.54,above_market,False,62.95505144713874,600.44,True,100.0,608.14,True,100.0,610.85,True,100.0,617.19,True,100.0,627.44,94,SPY,2025-06-24,1430000,0.0197711193641083,867774336.0,D
606.78,2025-06-24 16:59:01.474441581-04:00,593.54,above_market,False,63.21752265861026,600.44,True,100.0,608.14,True,100.0,610.85,True,100.0,617.19,True,100.0,627.44,95,SPY,2025-06-24,637438,0.0196783571680641,386784629.64,D
606.97,2025-06-25 11:20:52.958555356-04:00,600.1,above_market,False,79.62154294032058,605.14,True,100.0,611.05,True,100.0,613.62,True,100.0,618.93,True,100.0,630.09,96,SPY,2025-06-25,500000,0.0088423502036068,303485000.0,M
606.8,2025-06-25 12:26:48.505358727-04:00,600.1,above_market,False,81.64179104477736,605.14,True,100.0,611.05,True,100.0,613.62,True,100.0,618.93,True,100.0,630.09,97,SPY,2025-06-25,800000,0.0085597939001079,485440000.0,M
606.8,2025-06-25 12:38:50.217570262-04:00,600.1,above_market,False,81.64179104477736,605.14,True,100.0,611.05,True,100.0,613.62,True,100.0,618.93,True,100.0,630.09,98,SPY,2025-06-25,500000,0.0085597939001079,303400000.0,M
606.7667,2025-06-25 13:46:38.510256188-04:00,600.1,above_market,False,82.04958975205176,605.14,True,100.0,611.05,True,100.0,613.62,True,100.0,618.93,True,100.0,630.09,99,SPY,2025-06-25,1560000,0.0085044461065404,946556052.0,M
607.12,2025-06-25 16:00:00.135991817-04:00,600.1,above_market,False,77.92022792022851,605.14,True,100.0,611.05,True,100.0,613.62,True,100.0,618.93,True,100.0,630.09,100,SPY,2025-06-25,858269,0.0090916645890468,521072275.28,P
607.12,2025-06-25 16:10:00.000769619-04:00,600.1,above_market,False,77.92022792022851,605.14,True,100.0,611.05,True,100.0,613.62,True,100.0,618.93,True,100.0,630.09,101,SPY,2025-06-25,858269,0.0090916645890468,521072275.28,P
606.9,2025-06-25 16:16:04.419904977-04:00,600.1,above_market,False,80.44117647058917,605.14,True,100.0,611.05,True,100.0,613.62,True,100.0,618.93,True,100.0,630.09,102,SPY,2025-06-25,1000000,0.0087260034904013,606900000.0,M
609.21,2025-06-26 10:08:24.677176418-04:00,600.44,above_market,True,100.0,608.14,True,100.0,610.85,True,100.0,618.46,True,100.0,616.76,True,100.0,629.93,103,SPY,2025-06-26,2500000,0.0120103657928835,1523025000.0,M
609.21,2025-06-26 10:13:43.319715660-04:00,600.44,above_market,True,100.0,608.14,True,100.0,610.85,True,100.0,618.46,True,100.0,616.76,True,100.0,629.93,104,SPY,2025-06-26,500000,0.0120103657928835,304605000.0,M
610.14,2025-06-26 10:47:42.018069332-04:00,600.44,above_market,False,94.53608247422704,608.14,True,100.0,610.85,True,100.0,618.46,True,100.0,616.76,True,100.0,629.93,105,SPY,2025-06-26,700000,0.0135552676168642,427098000.0,M
610.51,2025-06-26 11:43:37.104548564-04:00,600.44,above_market,False,91.06256206554139,608.14,True,100.0,610.85,True,100.0,618.46,True,100.0,616.76,True,100.0,629.93,106,SPY,2025-06-26,650000,0.0141699059769427,396831500.0,M
610.14,2025-06-26 12:56:48.671649217-04:00,600.44,above_market,False,94.53608247422704,608.14,True,100.0,610.85,True,100.0,618.46,True,100.0,616.76,True,100.0,629.93,107,SPY,2025-06-26,500000,0.0135552676168642,305070000.0,D
611.08,2025-06-26 13:27:54.082244577-04:00,600.44,above_market,False,86.18421052631552,608.14,True,100.0,610.85,True,100.0,618.46,True,100.0,616.76,True,100.0,629.93,108,SPY,2025-06-26,800000,0.0151167812884149,488864000.00000006,M
611.24,2025-06-26 13:32:07.208052076-04:00,600.44,above_market,False,84.90740740740739,608.14,True,100.0,610.85,True,100.0,618.46,True,100.0,616.76,True,100.0,629.93,109,SPY,2025-06-26,500000,0.0153825708495298,305620000.0,M
611.24,2025-06-26 13:55:00.677536001-04:00,600.44,above_market,False,84.90740740740739,608.14,True,100.0,610.85,True,100.0,618.46,True,100.0,616.76,True,100.0,629.93,110,SPY,2025-06-26,850000,0.0153825708495298,519554000.0,M
611.87,2025-06-26 16:00:00.117563819-04:00,600.44,above_market,False,80.22747156605423,608.14,True,100.0,610.85,True,100.0,618.46,True,100.0,616.76,True,100.0,629.93,111,SPY,2025-06-26,1077765,0.0164291172464201,659452070.55,P
611.6996,2025-06-26 16:11:06.151996045-04:00,600.44,above_market,False,81.44161426693645,608.14,True,100.0,610.85,True,100.0,618.46,True,100.0,616.76,True,100.0,629.93,112,SPY,2025-06-26,1200000,0.0161460513638327,734039520.0,D
615.32,2025-06-27 10:39:25.177333843-04:00,605.14,above_market,False,71.41453831041194,611.05,False,83.69351669940991,613.62,True,100.0,613.85,True,100.0,617.93,True,100.0,628.27,113,SPY,2025-06-27,1000000,0.0142247276203662,615320000.0,D
615.04,2025-06-27 11:21:30.024043368-04:00,605.14,above_market,False,73.43434343434342,611.05,False,86.06060606060608,613.62,True,100.0,613.85,True,100.0,617.93,True,100.0,628.27,114,SPY,2025-06-27,1200000,0.0137632069096242,738048000.0,M
615.23,2025-06-27 11:30:06.525136450-04:00,605.14,above_market,False,72.05153617442971,611.05,False,84.44003964321065,613.62,True,100.0,613.85,True,100.0,617.93,True,100.0,628.27,115,SPY,2025-06-27,2000000,0.0140763816776277,1230460000.0,M
614.91,2025-06-27 16:00:00.122805823-04:00,605.14,above_market,False,74.41146366427836,611.05,False,87.20573183213918,613.62,True,100.0,613.85,True,100.0,617.93,True,100.0,628.27,116,SPY,2025-06-27,1295757,0.0135489294367797,796773936.87,P
614.91,2025-06-27 16:10:00.000793513-04:00,605.14,above_market,False,74.41146366427836,611.05,False,87.20573183213918,613.62,True,100.0,613.85,True,100.0,617.93,True,100.0,628.27,117,SPY,2025-06-27,1295757,0.0135489294367797,796773936.87,P
616.4755,2025-06-30 11:23:03.703254364-04:00,608.14,above_market,False,46.547897546637685,610.85,True,100.0,618.46,True,100.0,613.51,True,100.0,615.29,True,100.0,627.48,118,SPY,2025-06-30,1199000,0.011096258877171,739154124.5,D
615.86,2025-06-30 11:27:00.933606404-04:00,608.14,above_market,False,50.25906735751272,610.85,True,100.0,618.46,True,100.0,613.51,True,100.0,615.29,True,100.0,627.48,119,SPY,2025-06-30,500000,0.0100867625592494,307930000.0,M
616.27,2025-06-30 13:19:00.666231509-04:00,608.14,above_market,False,47.724477244772416,610.85,True,100.0,618.46,True,100.0,613.51,True,100.0,615.29,True,100.0,627.48,120,SPY,2025-06-30,500000,0.0107592133965326,308135000.0,M
616.15,2025-06-30 13:40:25.430826760-04:00,608.14,above_market,False,48.43945068664169,610.85,True,100.0,618.46,True,100.0,613.51,True,100.0,615.29,True,100.0,627.48,121,SPY,2025-06-30,500000,0.0105623985173278,308075000.0,M
618.655,2025-06-30 15:53:19.631428622-04:00,608.14,above_market,False,36.89966714217785,610.85,True,100.0,618.46,True,100.0,613.51,True,100.0,615.29,True,100.0,627.48,122,SPY,2025-06-30,500000,0.0146709091207294,309327500.0,M
617.85,2025-06-30 16:00:00.129197493-04:00,608.14,above_market,False,39.95880535530361,610.85,True,100.0,618.46,True,100.0,613.51,True,100.0,615.29,True,100.0,627.48,123,SPY,2025-06-30,3008784,0.0133506093060635,1858977194.4,P
617.85,2025-06-30 16:10:00.000755507-04:00,608.14,above_market,False,39.95880535530361,610.85,True,100.0,618.46,True,100.0,613.51,True,100.0,615.29,True,100.0,627.48,124,SPY,2025-06-30,3008784,0.0133506093060635,1858977194.4,P
617.65,2025-07-01 16:00:00.229286471-04:00,611.05,above_market,False,39.54545454545462,613.62,True,100.0,613.85,True,100.0,617.19,True,100.0,617.35,True,100.0,625.12,125,SPY,2025-07-01,830759,0.0082106362835035,513118296.35,P
617.65,2025-07-01 16:10:00.000743476-04:00,611.05,above_market,False,39.54545454545462,613.62,True,100.0,613.85,True,100.0,617.19,True,100.0,617.35,True,100.0,625.12,126,SPY,2025-07-01,830759,0.0082106362835035,513118296.35,P
619.4544,2025-07-02 13:00:05.702174764-04:00,610.85,above_market,False,99.25154572079427,618.46,False,99.25154572079427,613.51,True,100.0,618.93,True,100.0,621.13,True,100.0,614.88,127,SPY,2025-07-02,729000,0.0114697189882925,451582257.6,M
619.3306,2025-07-02 13:45:08.539192222-04:00,610.85,above_market,True,100.0,618.46,True,100.0,613.51,True,100.0,618.93,True,100.0,621.13,True,100.0,614.88,128,SPY,2025-07-02,1024000,0.0112675734369643,634194534.4,M
619.83,2025-07-02 15:37:44.268837874-04:00,610.85,above_market,False,95.10022271714863,618.46,False,95.10022271714863,613.51,True,100.0,618.93,True,100.0,621.13,True,100.0,614.88,129,SPY,2025-07-02,500000,0.0120830135688978,309915000.0,M
620.45,2025-07-02 16:00:00.124420699-04:00,610.85,above_market,False,88.95833333333275,618.46,False,88.95833333333275,613.51,False,94.99999999999982,618.93,True,100.0,621.13,True,100.0,614.88,130,SPY,2025-07-02,736139,0.0130953741652108,456737442.55,P
620.4236,2025-07-02 16:11:20.080924905-04:00,610.85,above_market,False,89.203643352553,618.46,False,89.203643352553,613.51,False,95.26197041865191,618.93,True,100.0,621.13,True,100.0,614.88,131,SPY,2025-07-02,980000,0.0130522671978838,608015128.0,D
625.3275,2025-07-03 11:24:22.511740497-04:00,613.62,above_market,False,30.237027546444324,613.85,False,36.045270125987905,617.19,False,54.238735853085906,616.76,False,76.19047619047596,620.67,True,100.0,624.22,132,SPY,2025-07-03,1000000,0.0164621261378412,625327500.0,M
625.34,2025-07-03 13:00:00.375637838-04:00,613.62,above_market,False,30.204778156996205,613.85,False,36.0068259385667,617.19,False,54.18088737201372,616.76,False,76.10921501706433,620.67,True,100.0,624.22,133,SPY,2025-07-03,838861,0.01648244473342,524573337.74,P
625.34,2025-07-03 13:10:00.000747411-04:00,613.62,above_market,False,30.204778156996205,613.85,False,36.0068259385667,617.19,False,54.18088737201372,616.76,False,76.10921501706433,620.67,True,100.0,624.22,134,SPY,2025-07-03,838861,0.01648244473342,524573337.74,P
625.34,2025-07-03 15:30:00.000747058-04:00,613.62,above_market,False,30.204778156996205,613.85,False,36.0068259385667,617.19,False,54.18088737201372,616.76,False,76.10921501706433,620.67,True,100.0,624.22,135,SPY,2025-07-03,838861,0.01648244473342,524573337.74,P
620.34,2025-07-08 16:00:00.133810775-04:00,613.85,above_market,False,61.47919876733442,617.19,False,94.29892141756542,616.76,True,100.0,615.29,True,100.0,621.94,True,100.0,625.82,136,SPY,2025-07-08,1166081,0.0079781616105813,723366687.5400001,P
620.34,2025-07-08 16:10:00.000806376-04:00,613.85,above_market,False,61.47919876733442,617.19,False,94.29892141756542,616.76,True,100.0,615.29,True,100.0,621.94,True,100.0,625.82,137,SPY,2025-07-08,1166081,0.0079781616105813,723366687.5400001,P
624.06,2025-07-09 16:00:00.115132391-04:00,613.51,above_market,False,61.23222748815227,618.93,False,61.23222748815227,617.93,False,70.52132701421883,617.35,True,100.0,627.23,True,100.0,625.29,138,SPY,2025-07-09,1113904,0.0145832317221868,695142930.2399999,P
624.06,2025-07-09 16:10:00.000747598-04:00,613.51,above_market,False,61.23222748815227,618.93,False,61.23222748815227,617.93,False,70.52132701421883,617.35,True,100.0,627.23,True,100.0,625.29,139,SPY,2025-07-09,1113904,0.0145832317221868,695142930.2399999,P
625.82,2025-07-10 16:00:00.152092299-04:00,617.19,above_market,False,9.154113557357636,616.76,False,43.56894553881799,615.29,False,49.82618771726485,621.13,True,100.0,627.44,True,100.0,630.17,140,SPY,2025-07-10,730829,0.0113772261546916,457367404.78,P
625.82,2025-07-10 16:10:00.000756978-04:00,617.19,above_market,False,9.154113557357636,616.76,False,43.56894553881799,615.29,False,49.82618771726485,621.13,True,100.0,627.44,True,100.0,630.17,141,SPY,2025-07-10,730829,0.0113772261546916,457367404.78,P
624.81,2025-07-14 16:00:00.167810995-04:00,616.76,above_market,False,52.04968944099476,615.29,False,58.75776397515584,621.13,False,97.26708074534267,621.85,True,100.0,629.93,True,100.0,635.62,142,SPY,2025-07-14,814592,0.0104471577585508,508965227.52,P
624.81,2025-07-14 16:10:00.000769450-04:00,616.76,above_market,False,52.04968944099476,615.29,False,58.75776397515584,621.13,False,97.26708074534267,621.85,True,100.0,629.93,True,100.0,635.62,143,SPY,2025-07-14,814592,0.0104471577585508,508965227.52,P
625.03,2025-07-15 11:25:48.565550078-04:00,617.93,above_market,False,-1.1267605633792532,617.35,False,64.92957746478871,620.67,False,93.8028169014093,621.94,True,100.0,628.27,True,100.0,637.79,144,SPY,2025-07-15,480000,0.0088776976094781,300014400.0,M
623.875,2025-07-16 15:16:42.749909998-04:00,615.29,above_market,False,72.21898660454303,621.13,True,100.0,621.85,True,100.0,627.23,True,100.0,627.48,True,100.0,637.85,145,SPY,2025-07-16,500000,0.0113393204513033,311937500.0,M
624.22,2025-07-16 16:00:00.203604508-04:00,615.29,above_market,False,69.42889137737963,621.13,True,100.0,621.85,True,100.0,627.23,True,100.0,627.48,True,100.0,637.85,146,SPY,2025-07-16,854504,0.011898586434963,533398486.88,P
623.815,2025-07-16 16:09:31.117143469-04:00,615.29,above_market,False,72.72727272727249,621.13,True,100.0,621.85,True,100.0,627.23,True,100.0,627.48,True,100.0,637.85,147,SPY,2025-07-16,500000,0.0112420568019713,311907500.0,M
624.22,2025-07-16 16:10:00.000788361-04:00,615.29,above_market,False,69.42889137737963,621.13,True,100.0,621.85,True,100.0,627.23,True,100.0,627.48,True,100.0,637.85,148,SPY,2025-07-16,854504,0.011898586434963,533398486.88,P
626.42,2025-07-17 11:23:58.643475910-04:00,617.35,above_market,False,57.22160970231508,620.67,False,79.82359426681434,621.94,True,100.0,627.44,True,100.0,625.12,True,100.0,636.36,149,SPY,2025-07-17,650000,0.0120851778847705,407173000.0,M
626.5146,2025-07-17 14:02:26.024112920-04:00,617.35,above_market,False,56.63094952316489,620.67,False,78.99962900726763,621.94,True,100.0,627.44,True,100.0,625.12,True,100.0,636.36,150,SPY,2025-07-17,550000,0.0122380198403721,344583030.0,D
628.04,2025-07-17 16:00:00.150293515-04:00,617.35,above_market,False,48.55004677268447,620.67,False,67.72684752104817,621.94,True,100.0,627.44,True,100.0,625.12,True,100.0,636.36,151,SPY,2025-07-17,1086832,0.0147025559828091,682573969.28,P
627.6144,2025-07-17 16:09:56.319631928-04:00,617.35,above_market,False,50.56311133626835,620.67,False,70.53505319356215,621.94,True,100.0,627.44,True,100.0,625.12,True,100.0,636.36,152,SPY,2025-07-17,700000,0.0140149287491517,439330080.00000006,D
628.04,2025-07-17 16:10:00.000734075-04:00,617.35,above_market,False,48.55004677268447,620.67,False,67.72684752104817,621.94,True,100.0,627.44,True,100.0,625.12,True,100.0,636.36,153,SPY,2025-07-17,1086832,0.0147025559828091,682573969.28,P
630.2541,2025-07-18 09:45:05.468200657-04:00,621.13,above_market,False,37.92154842669454,621.85,False,66.85590907596392,627.23,True,100.0,630.09,True,100.0,614.88,True,100.0,636.22,154,SPY,2025-07-18,1005500,0.0120824434345542,633720497.55,D
627.9,2025-07-18 10:32:17.298233154-04:00,621.13,above_market,False,51.10782865583524,621.85,False,90.1033973412118,627.23,True,100.0,630.09,True,100.0,614.88,True,100.0,636.22,155,SPY,2025-07-18,1200000,0.0083021534212258,753480000.0,D
627.31,2025-07-18 11:07:28.204558267-04:00,621.13,above_market,False,55.987055016182275,621.85,False,98.70550161812415,627.23,True,100.0,630.09,True,100.0,614.88,True,100.0,636.22,156,SPY,2025-07-18,1000000,0.0073547123151284,627310000.0,M
627.31,2025-07-18 11:22:22.128531022-04:00,621.13,above_market,False,55.987055016182275,621.85,False,98.70550161812415,627.23,True,100.0,630.09,True,100.0,614.88,True,100.0,636.22,157,SPY,2025-07-18,550000,0.0073547123151284,345020499.99999994,M
630.2964,2025-07-18 11:25:49.164580932-04:00,621.13,above_market,False,37.7465526269861,621.85,False,66.54739046954153,627.23,True,100.0,630.09,True,100.0,614.88,True,100.0,636.22,158,SPY,2025-07-18,1000000,0.0121503701443642,630296400.0,D
627.58,2025-07-18 16:00:00.192711559-04:00,621.13,above_market,False,53.643410852713366,621.85,False,94.5736434108524,627.23,True,100.0,630.09,True,100.0,614.88,True,100.0,636.22,159,SPY,2025-07-18,1181714,0.0077882870585968,741620072.12,P
627.58,2025-07-18 16:10:00.000759483-04:00,621.13,above_market,False,53.643410852713366,621.85,False,94.5736434108524,627.23,True,100.0,630.09,True,100.0,614.88,True,100.0,636.22,160,SPY,2025-07-18,1181714,0.0077882870585968,741620072.12,P
627.675,2025-07-18 16:24:44.758111115-04:00,621.13,above_market,False,52.86478227654787,621.85,False,93.20091673032942,627.23,True,100.0,630.09,True,100.0,614.88,True,100.0,636.22,161,SPY,2025-07-18,602800,0.0079408411350022,378362490.0,D
627.5924,2025-07-18 16:56:22.336536400-04:00,621.13,above_market,False,53.54048031691067,621.85,False,94.39217628125806,627.23,True,100.0,630.09,True,100.0,614.88,True,100.0,636.22,162,SPY,2025-07-18,1005500,0.0078081993801486,631044158.2,D
628.57,2025-07-21 15:56:36.277394572-04:00,620.67,above_market,False,26.96202531645533,621.94,True,100.0,627.44,True,100.0,629.93,True,100.0,624.22,True,100.0,632.77,163,SPY,2025-07-21,1500000,0.0101242226043358,942855000.0,M
628.77,2025-07-21 16:00:00.163911023-04:00,620.67,above_market,False,26.296296296296166,621.94,True,100.0,627.44,True,100.0,629.93,True,100.0,624.22,True,100.0,632.77,164,SPY,2025-07-21,1797725,0.0104456264965368,1130355548.25,P
628.77,2025-07-21 16:10:00.000743098-04:00,620.67,above_market,False,26.296296296296166,621.94,True,100.0,627.44,True,100.0,629.93,True,100.0,624.22,True,100.0,632.77,165,SPY,2025-07-21,1797725,0.0104456264965368,1130355548.25,P
628.86,2025-07-22 16:00:00.158611294-04:00,621.85,above_market,False,76.74750356633385,627.23,True,100.0,630.09,True,100.0,628.27,True,100.0,621.06,True,100.0,631.09,166,SPY,2025-07-22,1145448,0.0086775202502204,720326429.28,P
628.86,2025-07-22 16:10:00.000744145-04:00,621.85,above_market,False,76.74750356633385,627.23,True,100.0,630.09,True,100.0,628.27,True,100.0,621.06,True,100.0,631.09,167,SPY,2025-07-22,1145448,0.0086775202502204,720326429.28,P
630.75,2025-07-23 11:28:19.684471180-04:00,621.94,above_market,False,81.83881952326864,627.44,True,100.0,629.93,True,100.0,627.48,True,100.0,625.82,True,100.0,628.56,168,SPY,2025-07-23,500000,0.0115630111941495,315375000.0,D
631.395,2025-07-23 12:45:41.763578344-04:00,621.94,above_market,False,76.2559492332097,627.44,False,96.03384452670541,629.93,True,100.0,627.48,True,100.0,625.82,True,100.0,628.56,169,SPY,2025-07-23,1500000,0.0125974275908522,947092500.0,D
631.135,2025-07-23 13:17:10.804838-04:00,621.94,above_market,False,78.412180532898,627.44,False,98.74932028276227,629.93,True,100.0,627.48,True,100.0,625.82,True,100.0,628.56,170,SPY,2025-07-23,750000,0.0121804535394682,473351250.0,D
631.395,2025-07-23 13:21:27.830595474-04:00,621.94,above_market,False,76.2559492332097,627.44,False,96.03384452670541,629.93,True,100.0,627.48,True,100.0,625.82,True,100.0,628.56,171,SPY,2025-07-23,750000,0.0125974275908522,473546250.0,D
631.135,2025-07-23 13:27:30.110554380-04:00,621.94,above_market,False,78.412180532898,627.44,False,98.74932028276227,629.93,True,100.0,627.48,True,100.0,625.82,True,100.0,628.56,172,SPY,2025-07-23,500000,0.0121804535394682,315567500.0,D
631.135,2025-07-23 13:56:53.362309369-04:00,621.94,above_market,False,78.412180532898,627.44,False,98.74932028276227,629.93,True,100.0,627.48,True,100.0,625.82,True,100.0,628.56,173,SPY,2025-07-23,500000,0.0121804535394682,315567500.0,D
634.21,2025-07-23 16:00:00.207697923-04:00,621.94,above_market,False,58.76120619396848,627.44,False,74.00162999184955,629.93,False,79.05460472697592,627.48,False,88.59005704971399,625.82,True,100.0,628.56,174,SPY,2025-07-23,736402,0.0171119735702602,467033512.42,P
633.74,2025-07-23 16:09:22.319650771-04:00,621.94,above_market,False,61.101694915253816,627.44,False,76.94915254237256,629.93,False,82.20338983050821,627.48,False,92.11864406779604,625.82,True,100.0,628.56,175,SPY,2025-07-23,582500,0.0163582127850659,369153550.0,M
634.21,2025-07-23 16:10:00.000763062-04:00,621.94,above_market,False,58.76120619396848,627.44,False,74.00162999184955,629.93,False,79.05460472697592,627.48,False,88.59005704971399,625.82,True,100.0,628.56,176,SPY,2025-07-23,736402,0.0171119735702602,467033512.42,P
634.42,2025-07-24 16:00:00.130231992-04:00,627.23,above_market,False,46.31432545201606,630.09,False,61.33518776077892,628.27,False,77.60778859527083,625.12,False,77.60778859527083,625.29,True,100.0,638.21,177,SPY,2025-07-24,774311,0.0088574381808061,491238384.62,P
634.42,2025-07-24 16:10:00.000888453-04:00,627.23,above_market,False,46.31432545201606,630.09,False,61.33518776077892,628.27,False,77.60778859527083,625.12,False,77.60778859527083,625.29,True,100.0,638.21,178,SPY,2025-07-24,774311,0.0088574381808061,491238384.62,P
635.725,2025-07-25 11:42:38.104164584-04:00,627.44,above_market,False,43.21062160531009,629.93,False,50.69402534701204,627.48,False,64.81593240796514,614.88,False,64.81593240796514,630.17,True,100.0,635.4,179,SPY,2025-07-25,1000000,0.0106112391701773,635725000.0,M
636.795,2025-07-25 12:41:07.034363063-04:00,627.44,above_market,False,38.26830571886653,629.93,False,44.89577765900561,627.48,False,57.4024585782998,614.88,False,57.4024585782998,630.17,True,100.0,635.4,180,SPY,2025-07-25,1000000,0.0123122168349097,636795000.0,D
636.73,2025-07-25 13:02:42.007302931-04:00,627.44,above_market,False,38.5360602798702,629.93,False,45.209903121635605,627.48,False,57.8040904198053,614.88,False,57.8040904198053,630.17,True,100.0,635.4,181,SPY,2025-07-25,1000000,0.0122088864160242,636730000.0,M
637.1,2025-07-25 16:00:00.128896114-04:00,627.44,above_market,False,37.06004140786686,629.93,False,43.47826086956466,627.48,False,55.5900621118003,614.88,False,55.5900621118003,630.17,True,100.0,635.4,182,SPY,2025-07-25,1274520,0.0127970749542962,811996692.0,P
637.1,2025-07-25 16:10:00.000743042-04:00,627.44,above_market,False,37.06004140786686,629.93,False,43.47826086956466,627.48,False,55.5900621118003,614.88,False,55.5900621118003,630.17,True,100.0,635.4,183,SPY,2025-07-25,1274520,0.0127970749542962,811996692.0,P
635.62,2025-07-28 15:38:16.046062017-04:00,630.09,above_market,False,28.028933092223546,628.27,False,49.18625678119217,625.12,False,49.18625678119217,624.22,False,49.18625678119217,628.92,True,100.0,638.06,184,SPY,2025-07-28,750000,0.0061895490019153,476715000.0,D
636.94,2025-07-28 16:00:00.199015346-04:00,630.09,above_market,False,22.627737226276633,628.27,False,39.7080291970789,625.12,False,39.7080291970789,624.22,False,39.7080291970789,628.92,True,100.0,638.06,185,SPY,2025-07-28,810948,0.0082791154168843,516525219.12000006,P
636.94,2025-07-28 16:10:00.000774907-04:00,630.09,above_market,False,22.627737226276633,628.27,False,39.7080291970789,625.12,False,39.7080291970789,624.22,False,39.7080291970789,628.92,True,100.0,638.06,186,SPY,2025-07-28,810948,0.0082791154168843,516525219.12000006,P
636.9404,2025-07-28 16:27:01.733800436-04:00,630.09,above_market,False,22.62641597570904,628.27,False,39.70571061543771,625.12,False,39.70571061543771,624.22,False,39.70571061543771,628.92,True,100.0,638.06,187,SPY,2025-07-28,627000,0.0082797486188281,399361630.8,M
635.26,2025-07-29 16:00:00.195276614-04:00,629.93,above_market,False,13.696060037523688,627.48,False,54.033771106941344,614.88,False,54.033771106941344,621.06,True,100.0,635.62,True,100.0,639.51,188,SPY,2025-07-29,1039119,0.005874435911646,660110735.9399999,P
635.26,2025-07-29 16:10:00.000746303-04:00,629.93,above_market,False,13.696060037523688,627.48,False,54.033771106941344,614.88,False,54.033771106941344,621.06,True,100.0,635.62,True,100.0,639.51,189,SPY,2025-07-29,1039119,0.005874435911646,660110735.9399999,P
633.11,2025-07-31 15:46:21.473338674-04:00,627.48,above_market,False,-142.62877442273498,614.88,False,-32.682060390764356,621.06,False,44.22735346358812,625.29,True,100.0,637.85,True,100.0,637.95,190,SPY,2025-07-31,1000000,0.0063901826447725,633110000.0,M
621.2,2025-08-01 13:53:14.632879180-04:00,625.12,below_market,True,100.0,624.22,True,100.0,625.82,True,100.0,630.17,True,100.0,636.36,True,100.0,633.22,191,SPY,2025-08-01,1000000,0.0088235763406889,621200000.0,M
621.72,2025-08-01 16:00:00.220453536-04:00,625.12,below_market,True,100.0,624.22,True,100.0,625.82,True,100.0,630.17,True,100.0,636.36,True,100.0,633.22,192,SPY,2025-08-01,1224288,0.0079938729596476,761164335.36,P
621.8987,2025-08-01 16:06:09.423583064-04:00,625.12,below_market,True,100.0,624.22,True,100.0,625.82,True,100.0,630.17,True,100.0,636.36,True,100.0,633.22,193,SPY,2025-08-01,500000,0.007708742201586,310949350.0,D
621.72,2025-08-01 16:10:00.000850546-04:00,625.12,below_market,True,100.0,624.22,True,100.0,625.82,True,100.0,630.17,True,100.0,636.36,True,100.0,633.22,194,SPY,2025-08-01,1224288,0.0079938729596476,761164335.36,P
631.17,2025-08-04 16:00:00.315811335-04:00,614.88,above_market,False,66.05279312461641,621.06,False,92.63351749539636,625.29,True,100.0,628.92,True,100.0,636.22,True,100.0,636.66,195,SPY,2025-08-04,1331494,0.0238620510657624,840399067.9799999,P
631.17,2025-08-04 16:10:00.000763383-04:00,614.88,above_market,False,66.05279312461641,621.06,False,92.63351749539636,625.29,True,100.0,628.92,True,100.0,636.22,True,100.0,636.66,196,SPY,2025-08-04,1331494,0.0238620510657624,840399067.9799999,P
632.25,2025-08-07 16:00:00.157684680-04:00,625.82,above_market,False,74.80559875583177,630.17,True,100.0,635.62,True,100.0,637.85,True,100.0,628.56,True,100.0,641.69,197,SPY,2025-08-07,923174,0.0076821318712845,583676761.5,P
632.63,2025-08-07 16:08:47.347513704-04:00,625.82,above_market,False,70.63142437591753,630.17,True,100.0,635.62,True,100.0,637.85,True,100.0,628.56,True,100.0,641.69,198,SPY,2025-08-07,500000,0.0082877771225476,316315000.0,M
632.25,2025-08-07 16:10:00.000779361-04:00,625.82,above_market,False,74.80559875583177,630.17,True,100.0,635.62,True,100.0,637.85,True,100.0,628.56,True,100.0,641.69,199,SPY,2025-08-07,923174,0.0076821318712845,583676761.5,P
635.92,2025-08-11 16:00:00.274997810-04:00,630.17,above_market,False,97.39130434782648,635.62,True,100.0,637.85,True,100.0,636.22,True,100.0,635.4,True,100.0,645.03,200,SPY,2025-08-11,778959,0.0065369822251064,495355607.28,P
635.92,2025-08-11 16:10:00.000743358-04:00,630.17,above_market,False,97.39130434782648,635.62,True,100.0,637.85,True,100.0,636.22,True,100.0,635.4,True,100.0,645.03,201,SPY,2025-08-11,778959,0.0065369822251064,495355607.28,P
642.69,2025-08-12 16:00:00.297183361-04:00,628.92,above_market,False,73.78358750907779,637.79,False,73.78358750907779,636.36,False,73.78358750907779,632.77,False,75.9622367465502,638.06,True,100.0,650.39,202,SPY,2025-08-12,1056851,0.0192691978304312,679227569.19,P
642.69,2025-08-12 16:10:00.000802382-04:00,628.92,above_market,False,73.78358750907779,637.79,False,73.78358750907779,636.36,False,73.78358750907779,632.77,False,75.9622367465502,638.06,True,100.0,650.39,203,SPY,2025-08-12,1056851,0.0192691978304312,679227569.19,P
642.7603,2025-08-12 16:17:07.599691281-04:00,628.92,above_market,False,73.4088133927735,637.79,False,73.4088133927735,636.36,False,73.4088133927735,632.77,False,75.57639646539441,638.06,True,100.0,650.39,204,SPY,2025-08-12,500000,0.0193806895676722,321380150.0,D
643.395,2025-08-13 11:51:06.224799090-04:00,635.62,above_market,False,37.1704180064308,637.85,False,43.215434083601586,636.22,False,43.215434083601586,631.09,False,59.54983922829593,639.51,True,100.0,650.17,205,SPY,2025-08-13,1500000,0.009642997253825,965092500.0,D
644.9,2025-08-13 15:57:46.749468032-04:00,635.62,above_market,False,31.14224137931029,637.85,False,36.20689655172439,636.22,False,36.20689655172439,631.09,False,49.89224137931044,639.51,True,100.0,650.17,206,SPY,2025-08-13,600000,0.0120047077285209,386940000.0,M
644.89,2025-08-13 16:00:00.333582222-04:00,635.62,above_market,False,31.175836030204877,637.85,False,36.24595469255685,636.22,False,36.24595469255685,631.09,False,49.94606256742184,639.51,True,100.0,650.17,207,SPY,2025-08-13,862834,0.0119890153001176,556433018.26,P
644.89,2025-08-13 16:10:00.000763458-04:00,635.62,above_market,False,31.175836030204877,637.85,False,36.24595469255685,636.22,False,36.24595469255685,631.09,False,49.94606256742184,639.51,True,100.0,650.17,208,SPY,2025-08-13,862834,0.0119890153001176,556433018.26,P
644.605,2025-08-14 14:47:02.472814819-04:00,637.79,above_market,False,17.461482024945635,636.36,False,17.461482024945635,632.77,False,17.461482024945635,628.56,False,66.61775495231169,641.78,True,100.0,653.64,209,SPY,2025-08-14,1000000,0.0080773802076816,644605000.0,M
644.95,2025-08-14 16:00:00.102828293-04:00,637.79,above_market,False,16.620111731844148,636.36,False,16.620111731844148,632.77,False,16.620111731844148,628.56,False,63.40782122905063,641.78,True,100.0,653.64,210,SPY,2025-08-14,719004,0.0086169148004503,463721629.8,P
644.95,2025-08-14 16:10:00.000798630-04:00,637.79,above_market,False,16.620111731844148,636.36,False,16.620111731844148,632.77,False,16.620111731844148,628.56,False,63.40782122905063,641.78,True,100.0,653.64,211,SPY,2025-08-14,719004,0.0086169148004503,463721629.8,P
645.071,2025-08-14 16:19:23.667238829-04:00,637.79,above_market,False,16.34390880373636,636.36,False,16.34390880373636,632.77,False,16.34390880373636,628.56,False,62.35407224282431,641.78,True,100.0,653.64,212,SPY,2025-08-14,853000,0.0088061428750155,550245563.0,D
643.3,2025-08-18 16:00:00.274690509-04:00,636.36,above_market,False,9.510086455331034,632.77,False,9.510086455331034,628.56,False,43.515850144092326,635.4,False,86.02305475504434,633.22,True,100.0,651.93,213,SPY,2025-08-18,707486,0.0083072100313478,455125743.8,P
643.3,2025-08-18 16:10:00.000781193-04:00,636.36,above_market,False,9.510086455331034,632.77,False,9.510086455331034,628.56,False,43.515850144092326,635.4,False,86.02305475504434,633.22,True,100.0,651.93,214,SPY,2025-08-18,707486,0.0083072100313478,455125743.8,P
638.11,2025-08-20 16:00:00.283205100-04:00,632.77,above_market,False,-34.08239700374393,628.56,True,100.0,635.4,True,100.0,639.51,True,100.0,641.98,True,100.0,658.22,215,SPY,2025-08-20,748413,0.0058480453972257,477569819.43,P
638.067,2025-08-20 16:05:37.008487158-04:00,632.77,above_market,False,-34.359071172360345,628.56,True,100.0,635.4,True,100.0,639.51,True,100.0,641.98,True,100.0,658.22,216,SPY,2025-08-20,622000,0.0057802648171501,396877674.0,D
638.0879,2025-08-20 16:11:05.717356614-04:00,632.77,above_market,False,-34.22403580360543,628.56,True,100.0,635.4,True,100.0,639.51,True,100.0,641.98,True,100.0,658.22,217,SPY,2025-08-20,1000000,0.0058132093316519,638087900.0,D
645.31,2025-08-22 16:00:00.238528718-04:00,628.56,above_market,False,57.49253731343349,635.4,False,69.79104477611972,639.51,False,82.20895522388116,637.95,False,98.3283582089554,641.69,True,100.0,657.73,218,SPY,2025-08-22,1303324,0.0240252630242632,841048010.4399999,P
645.31,2025-08-22 16:10:00.000773107-04:00,628.56,above_market,False,57.49253731343349,635.4,False,69.79104477611972,639.51,False,82.20895522388116,637.95,False,98.3283582089554,641.69,True,100.0,657.73,219,SPY,2025-08-22,1303324,0.0240252630242632,841048010.4399999,P
643.95,2025-08-25 14:30:00.813072474-04:00,638.21,above_market,False,3.4843205574900957,638.06,False,71.77700348432052,641.78,False,71.77700348432052,633.22,True,100.0,643.17,True,100.0,655.64,220,SPY,2025-08-25,1200000,0.0064077518168321,772740000.0,D
643.14,2025-08-26 14:16:48.137765289-04:00,635.4,above_market,False,62.661498708010555,639.51,False,89.53488372093095,637.95,False,89.53488372093095,636.66,True,100.0,645.03,True,100.0,652.61,221,SPY,2025-08-26,1300000,0.0095755368579681,836082000.0,M
644.275,2025-08-26 15:22:19.061409088-04:00,635.4,above_market,False,54.64788732394392,639.51,False,78.08450704225423,637.95,False,78.08450704225423,636.66,True,100.0,645.03,True,100.0,652.61,222,SPY,2025-08-26,2000000,0.0113572146176064,1288550000.0,M
645.16,2025-08-26 16:00:00.152851665-04:00,635.4,above_market,False,49.69262295081995,639.51,False,71.00409836065646,637.95,False,71.00409836065646,636.66,True,100.0,645.03,True,100.0,652.61,223,SPY,2025-08-26,1308243,0.0127464523420821,844026053.88,P
645.16,2025-08-26 16:10:00.000756659-04:00,635.4,above_market,False,49.69262295081995,639.51,False,71.00409836065646,637.95,False,71.00409836065646,636.66,True,100.0,645.03,True,100.0,652.61,224,SPY,2025-08-26,1308243,0.0127464523420821,844026053.88,P
645.2766,2025-08-27 10:07:15.209474396-04:00,638.06,above_market,False,59.16913782113523,641.78,False,59.16913782113523,633.22,False,59.16913782113523,641.98,True,100.0,650.39,True,100.0,656.35,225,SPY,2025-08-27,705000,0.0087175238392996,454920003.0,D
646.63,2025-08-27 16:00:00.143492480-04:00,638.06,above_market,False,49.82497082847224,641.78,False,49.82497082847224,633.22,False,49.82497082847224,641.98,True,100.0,650.39,True,100.0,656.35,226,SPY,2025-08-27,864576,0.0108332030639361,559060778.88,P
646.7573,2025-08-27 16:13:09.312974868-04:00,638.06,above_market,False,49.095696365539595,641.78,False,49.095696365539595,633.22,False,49.095696365539595,641.98,True,100.0,650.39,True,100.0,656.35,227,SPY,2025-08-27,950000,0.0110322025949662,614419435.0,D
646.164,2025-08-28 09:52:39.198371085-04:00,639.51,above_market,False,18.034265103697717,637.95,False,18.034265103697717,636.66,False,82.95761947700609,640.12,True,100.0,650.17,True,100.0,658.2,228,SPY,2025-08-28,610000,0.0078046041549691,394160040.0,M
646.735,2025-08-28 11:53:23.189388028-04:00,639.51,above_market,False,16.608996539792965,637.95,False,16.608996539792965,636.66,False,76.40138408304449,640.12,True,100.0,650.17,True,100.0,658.2,229,SPY,2025-08-28,500000,0.008695177490798,323367500.0,M
648.92,2025-08-28 16:00:00.106601709-04:00,639.51,above_market,False,12.752391073326773,637.95,False,12.752391073326773,636.66,False,58.66099893730075,640.12,True,100.0,650.17,True,100.0,658.2,230,SPY,2025-08-28,1069488,0.0121030631979536,694012152.9599999,P
648.92,2025-08-28 16:10:00.000722536-04:00,639.51,above_market,False,12.752391073326773,637.95,False,12.752391073326773,636.66,False,58.66099893730075,640.12,True,100.0,650.17,True,100.0,658.2,231,SPY,2025-08-28,1069488,0.0121030631979536,694012152.9599999,P
643.74,2025-09-03 16:00:00.146656995-04:00,633.22,above_market,False,83.5551330798477,641.98,True,100.0,641.69,True,100.0,645.03,True,100.0,651.93,True,100.0,663.69,232,SPY,2025-09-03,1093809,0.0140033078680002,704128605.66,P
643.6568,2025-09-03 16:06:43.252658385-04:00,633.22,above_market,False,84.22121723133534,641.98,True,100.0,641.69,True,100.0,645.03,True,100.0,651.93,True,100.0,663.69,233,SPY,2025-09-03,600000,0.0138722532881782,386194080.0,D
643.74,2025-09-03 16:10:00.000801806-04:00,633.22,above_market,False,83.5551330798477,641.98,True,100.0,641.69,True,100.0,645.03,True,100.0,651.93,True,100.0,663.69,234,SPY,2025-09-03,1093809,0.0140033078680002,704128605.66,P
649.12,2025-09-04 16:00:00.173806106-04:00,636.66,above_market,False,67.17495987158892,640.12,False,67.17495987158892,643.17,True,100.0,650.39,True,100.0,654.97,True,100.0,663.68,235,SPY,2025-09-04,2088199,0.0169672092622476,1355491734.88,P
649.0763,2025-09-04 16:05:17.134495175-04:00,636.66,above_market,False,67.4113866449749,640.12,False,67.4113866449749,643.17,True,100.0,650.39,True,100.0,654.97,True,100.0,663.68,236,SPY,2025-09-04,500000,0.0168987450845226,324538150.0,D
649.12,2025-09-04 16:10:00.000754227-04:00,636.66,above_market,False,67.17495987158892,640.12,False,67.17495987158892,643.17,True,100.0,650.39,True,100.0,654.97,True,100.0,663.68,237,SPY,2025-09-04,2088199,0.0169672092622476,1355491734.88,P
647.24,2025-09-05 16:00:00.315654992-04:00,641.98,above_market,False,13.498098859316304,641.69,True,100.0,645.03,True,100.0,650.17,True,100.0,658.22,True,100.0,666.06,238,SPY,2025-09-05,835180,0.0056088125165079,540561903.2,P
647.1015,2025-09-05 16:11:00.798449183-04:00,641.98,above_market,False,13.863126037294556,641.69,True,100.0,645.03,True,100.0,650.17,True,100.0,658.22,True,100.0,666.06,239,SPY,2025-09-05,1000000,0.005393626773146,647101500.0,D
648.83,2025-09-08 16:00:00.232796346-04:00,640.12,above_market,False,41.10218140068916,643.17,True,100.0,650.39,True,100.0,653.64,True,100.0,661.33,True,100.0,663.59,240,SPY,2025-09-08,693872,0.0110008258410334,450204969.7600001,P
648.4925,2025-09-08 16:10:47.007738174-04:00,640.12,above_market,False,42.75903254702973,643.17,True,100.0,650.39,True,100.0,653.64,True,100.0,661.33,True,100.0,663.59,241,SPY,2025-09-08,800000,0.0104749365037318,518794000.0,D
650.33,2025-09-09 16:00:00.150676825-04:00,641.69,above_market,False,65.50925925925898,645.03,True,100.0,650.17,True,100.0,652.74,True,100.0,657.73,True,100.0,667.55,242,SPY,2025-09-09,587138,0.0108651723816333,381833455.54,P
650.251,2025-09-09 16:10:48.617081806-04:00,641.69,above_market,False,66.11377175563625,645.03,True,100.0,650.17,True,100.0,652.74,True,100.0,657.73,True,100.0,667.55,243,SPY,2025-09-09,990000,0.0107423757266763,643748490.0,D
650.2591,2025-09-09 16:18:35.337959714-04:00,641.69,above_market,False,66.05127726365676,645.03,True,100.0,650.17,True,100.0,652.74,True,100.0,657.73,True,100.0,667.55,244,SPY,2025-09-09,1124370,0.0107549662697795,731131824.267,D
652.96,2025-09-10 11:13:33.067973404-04:00,643.17,above_market,False,80.7967313585293,650.39,True,100.0,653.64,True,100.0,651.93,True,100.0,655.64,True,100.0,665.61,245,SPY,2025-09-10,2750000,0.0126079741947489,1795640000.0,M
652.7,2025-09-10 11:35:47.291423601-04:00,643.17,above_market,False,83.00104931794344,650.39,True,100.0,653.64,True,100.0,651.93,True,100.0,655.64,True,100.0,665.61,246,SPY,2025-09-10,700000,0.0122047671479304,456890000.00000006,M
652.21,2025-09-10 16:00:00.146040802-04:00,643.17,above_market,False,87.50000000000016,650.39,True,100.0,653.64,True,100.0,651.93,True,100.0,655.64,True,100.0,665.61,247,SPY,2025-09-10,1151795,0.0114448769443108,751212216.95,P
652.21,2025-09-10 16:10:00.000732404-04:00,643.17,above_market,False,87.50000000000016,650.39,True,100.0,653.64,True,100.0,651.93,True,100.0,655.64,True,100.0,665.61,248,SPY,2025-09-10,1151795,0.0114448769443108,751212216.95,P
658.12,2025-09-12 15:52:29.248730912-04:00,650.39,above_market,False,43.596377749029706,653.64,False,53.16946959896512,651.93,True,100.0,658.22,True,100.0,656.35,True,100.0,657.56,249,SPY,2025-09-12,1300000,0.0092781449844341,855556000.0,M
657.41,2025-09-12 16:00:00.139950846-04:00,650.39,above_market,False,48.00569800569819,653.64,False,58.54700854700889,651.93,True,100.0,658.22,True,100.0,656.35,True,100.0,657.56,250,SPY,2025-09-12,1234858,0.0081893048292359,811807997.78,P
657.41,2025-09-12 16:10:00.000807766-04:00,650.39,above_market,False,48.00569800569819,653.64,False,58.54700854700889,651.93,True,100.0,658.22,True,100.0,656.35,True,100.0,657.56,251,SPY,2025-09-12,1234858,0.0081893048292359,811807997.78,P
660.91,2025-09-15 16:00:00.262960062-04:00,650.17,above_market,False,40.31657355679737,652.74,False,68.90130353817584,654.97,True,100.0,661.33,True,100.0,658.2,True,100.0,656.76,252,SPY,2025-09-15,1176473,0.0138989031218837,777542770.43,P
660.91,2025-09-15 16:10:00.000751685-04:00,650.17,above_market,False,40.31657355679737,652.74,False,68.90130353817584,654.97,True,100.0,661.33,True,100.0,658.2,True,100.0,656.76,253,SPY,2025-09-15,1176473,0.0138989031218837,777542770.43,P
660.696,2025-09-16 13:33:14.310500337-04:00,653.64,above_market,False,11.337868480726526,651.93,False,76.81405895691509,658.22,True,100.0,657.73,True,100.0,660.67,True,100.0,659.67,254,SPY,2025-09-16,1511609,0.0082036257095769,998714019.864,D
660.0,2025-09-16 16:00:00.256167685-04:00,653.64,above_market,False,12.578616352202305,651.93,False,85.2201257861627,658.22,True,100.0,657.73,True,100.0,660.67,True,100.0,659.67,255,SPY,2025-09-16,1195416,0.0071415491668191,788974560.0,P
659.8173,2025-09-16 16:09:20.591036174-04:00,653.64,above_market,False,12.950641866188473,651.93,False,87.74059864341875,658.22,True,100.0,657.73,True,100.0,660.67,True,100.0,659.67,256,SPY,2025-09-16,800000,0.0068627540743453,527853840.00000006,D
660.0,2025-09-16 16:10:00.000858918-04:00,653.64,above_market,False,12.578616352202305,651.93,False,85.2201257861627,658.22,True,100.0,657.73,True,100.0,660.67,True,100.0,659.67,257,SPY,2025-09-16,1195416,0.0071415491668191,788974560.0,P
659.8469,2025-09-16 16:18:21.549368103-04:00,653.64,above_market,False,12.8888817284001,651.93,False,87.32217370990257,658.22,True,100.0,657.73,True,100.0,660.67,True,100.0,659.67,258,SPY,2025-09-16,610000,0.0069079228468533,402506609.0,D
659.18,2025-09-17 16:00:00.199240371-04:00,652.74,above_market,False,75.00000000000132,654.97,True,100.0,661.33,True,100.0,655.64,True,100.0,662.93,True,100.0,655.18,259,SPY,2025-09-17,972449,0.0072736163320191,641018931.8199999,P
659.2168,2025-09-17 16:10:33.354945656-04:00,652.74,above_market,False,74.57386363636397,654.97,True,100.0,661.33,True,100.0,655.64,True,100.0,662.93,True,100.0,655.18,260,SPY,2025-09-17,1487770,0.0073298493322332,980762978.536,D
659.2108,2025-09-17 16:19:55.186453715-04:00,652.74,above_market,False,74.64301168325532,654.97,True,100.0,661.33,True,100.0,655.64,True,100.0,662.93,True,100.0,655.18,261,SPY,2025-09-17,1525570,0.0073206809082851,1005672220.156,D
659.2153,2025-09-17 16:20:37.566442388-04:00,652.74,above_market,False,74.59113863450466,654.97,True,100.0,661.33,True,100.0,655.64,True,100.0,662.93,True,100.0,655.18,262,SPY,2025-09-17,955200,0.0073275572262461,629682454.56,D
663.2084,2025-09-19 09:39:29.492034439-04:00,654.97,above_market,False,82.66168187997648,661.33,False,83.26859584385379,655.64,False,83.26859584385379,656.35,True,100.0,663.68,True,100.0,665.75,263,SPY,2025-09-19,1528000,0.0099722839825785,1013382435.2,D
661.13,2025-09-19 10:54:26.976758332-04:00,654.97,above_market,True,100.0,661.33,True,100.0,655.64,True,100.0,656.35,True,100.0,663.68,True,100.0,665.75,264,SPY,2025-09-19,900000,0.0068071757073676,595017000.0,D
661.47,2025-09-19 11:03:43.081876816-04:00,654.97,above_market,True,100.0,661.33,True,100.0,655.64,True,100.0,656.35,True,100.0,663.68,True,100.0,665.75,265,SPY,2025-09-19,470000,0.0073249474613956,310890900.0,M
663.2098,2025-09-19 11:10:36.490123418-04:00,654.97,above_market,False,82.64763707856974,661.33,False,83.254447923494,655.64,False,83.254447923494,656.35,True,100.0,663.68,True,100.0,665.75,266,SPY,2025-09-19,1528000,0.0099744159839186,1013384574.4,D
660.75,2025-09-19 11:23:50.120565274-04:00,654.97,above_market,True,100.0,661.33,True,100.0,655.64,True,100.0,656.35,True,100.0,663.68,True,100.0,665.75,267,SPY,2025-09-19,750000,0.0062284896293363,495562500.0,M
660.62,2025-09-19 11:28:08.118466405-04:00,654.97,above_market,True,100.0,661.33,True,100.0,655.64,True,100.0,656.35,True,100.0,663.68,True,100.0,665.75,268,SPY,2025-09-19,575000,0.0060305180763257,379856500.0,M
660.5391,2025-09-19 13:34:13.097040213-04:00,654.97,above_market,True,100.0,661.33,True,100.0,655.64,True,100.0,656.35,True,100.0,663.68,True,100.0,665.75,269,SPY,2025-09-19,761821,0.0059073188560289,503212557.7011,D
662.35,2025-09-19 14:47:43.554459887-04:00,654.97,above_market,False,92.27642276422696,661.33,False,92.95392953929563,655.64,False,92.95392953929563,656.35,True,100.0,663.68,True,100.0,665.75,270,SPY,2025-09-19,1210000,0.0086650625894679,801443500.0,D
660.539,2025-09-19 15:02:44.095969160-04:00,654.97,above_market,True,100.0,661.33,True,100.0,655.64,True,100.0,656.35,True,100.0,663.68,True,100.0,665.75,271,SPY,2025-09-19,750235,0.005907166570219,495559476.665,D
663.4,2025-09-19 15:22:17.555698754-04:00,654.97,above_market,False,80.78291814946603,661.33,False,81.37603795966851,655.64,False,81.37603795966851,656.35,True,100.0,663.68,True,100.0,665.75,272,SPY,2025-09-19,500000,0.0102640635945542,331700000.0,M
663.7,2025-09-19 16:00:00.247216519-04:00,654.97,above_market,False,78.00687285223289,661.33,False,78.57961053837342,655.64,False,78.57961053837342,656.35,True,100.0,663.68,True,100.0,665.75,273,SPY,2025-09-19,2366007,0.010720921024579,1570318845.9,P
663.7,2025-09-19 16:10:00.000771153-04:00,654.97,above_market,False,78.00687285223289,661.33,False,78.57961053837342,655.64,False,78.57961053837342,656.35,True,100.0,663.68,True,100.0,665.75,274,SPY,2025-09-19,2366007,0.010720921024579,1570318845.9,P
665.6,2025-09-22 12:22:53.750049924-04:00,658.22,above_market,False,48.915989159891815,657.73,False,48.915989159891815,652.61,False,48.915989159891815,658.2,True,100.0,666.06,True,100.0,665.74,275,SPY,2025-09-22,1000000,0.0086223879013805,665600000.0,M
667.155,2025-09-22 15:56:21.466363918-04:00,658.22,above_market,False,40.40290990486889,657.73,False,40.40290990486889,652.61,False,40.40290990486889,658.2,False,99.60828203693376,666.06,True,100.0,665.74,276,SPY,2025-09-22,1000000,0.0109787698322498,667155000.0,M
666.7459,2025-09-22 16:04:26.281274156-04:00,658.22,above_market,False,42.34157097784424,657.73,False,42.34157097784424,652.61,False,42.34157097784424,658.2,True,100.0,666.06,True,100.0,665.74,277,SPY,2025-09-22,1483597,0.0103588368110803,989182217.0023,D
666.84,2025-09-22 16:10:00.000731235-04:00,658.22,above_market,False,41.87935034802798,657.73,False,41.87935034802798,652.61,False,41.87935034802798,658.2,True,100.0,666.06,True,100.0,665.74,278,SPY,2025-09-22,1152624,0.0105014320134564,768615788.1600001,P
661.82,2025-09-26 16:00:00.363831595-04:00,652.61,above_market,False,77.85016286644876,658.2,True,100.0,662.93,True,100.0,663.68,True,100.0,647.62,True,100.0,679.58,279,SPY,2025-09-26,1488163,0.01150865824023,984896036.66,P
661.82,2025-09-26 16:10:00.000901985-04:00,652.61,above_market,False,77.85016286644876,658.2,True,100.0,662.93,True,100.0,663.68,True,100.0,647.62,True,100.0,679.58,280,SPY,2025-09-26,1488163,0.01150865824023,984896036.66,P
663.7667,2025-09-29 12:11:12.494416395-04:00,656.35,above_market,False,64.58397939784498,660.67,True,100.0,663.69,True,100.0,666.06,True,100.0,657.56,True,100.0,681.38,281,SPY,2025-09-29,654000,0.0087026624521306,434103421.8,M
663.68,2025-09-29 16:00:00.220057323-04:00,656.35,above_market,False,65.34788540245582,660.67,True,100.0,663.69,True,100.0,666.06,True,100.0,657.56,True,100.0,681.38,282,SPY,2025-09-29,1374130,0.0085709075436143,911982598.4,P
663.5252,2025-09-29 16:05:14.830501283-04:00,656.35,above_market,False,66.75772103913413,660.67,True,100.0,663.69,True,100.0,666.06,True,100.0,657.56,True,100.0,681.38,283,SPY,2025-09-29,700000,0.0083356634855025,464467640.0,D
663.68,2025-09-29 16:10:00.000756255-04:00,656.35,above_market,False,65.34788540245582,660.67,True,100.0,663.69,True,100.0,666.06,True,100.0,657.56,True,100.0,681.38,284,SPY,2025-09-29,1374130,0.0085709075436143,911982598.4,P
664.65,2025-09-30 15:08:19.253087273-04:00,658.2,above_market,False,87.44186046511699,662.93,True,100.0,663.68,True,100.0,663.59,True,100.0,656.76,True,100.0,681.71,285,SPY,2025-09-30,1050000,0.0072133234326933,697882500.0,M
666.18,2025-09-30 16:00:00.294626866-04:00,658.2,above_market,False,70.67669172932398,662.93,True,100.0,663.68,True,100.0,663.59,True,100.0,656.76,True,100.0,681.71,286,SPY,2025-09-30,2689622,0.0095318916789161,1791772383.9599998,P
666.18,2025-09-30 16:10:00.000780730-04:00,658.2,above_market,False,70.67669172932398,662.93,True,100.0,663.68,True,100.0,663.59,True,100.0,656.76,True,100.0,681.71,287,SPY,2025-09-30,2689622,0.0095318916789161,1791772383.9599998,P
666.3154,2025-09-30 16:20:01.770483353-04:00,658.2,above_market,False,69.49749858294169,662.93,True,100.0,663.68,True,100.0,663.59,True,100.0,656.76,True,100.0,681.71,288,SPY,2025-09-30,1000000,0.0097370773916864,666315400.0,D
664.99,2025-09-30 16:43:39.338874079-04:00,658.2,above_market,False,83.06332842415341,662.93,True,100.0,663.68,True,100.0,663.59,True,100.0,656.76,True,100.0,681.71,289,SPY,2025-09-30,537500,0.0077285608207428,357432125.0,M
666.3154,2025-09-30 16:54:41.842733718-04:00,658.2,above_market,False,69.49749858294169,662.93,True,100.0,663.68,True,100.0,663.59,True,100.0,656.76,True,100.0,681.71,290,SPY,2025-09-30,1000000,0.0097370773916864,666315400.0,D
668.45,2025-10-01 16:00:00.178666152-04:00,660.67,above_market,False,55.91259640102795,663.69,False,82.90488431876572,666.06,False,89.58868894601478,667.55,False,99.1002570694081,659.67,True,100.0,674.21,291,SPY,2025-10-01,2132067,0.0091639240315227,1425180186.15,P
668.594,2025-10-01 16:09:33.668682229-04:00,660.67,above_market,False,54.89651691065084,663.69,False,81.39828369510312,666.06,False,87.960625946491,667.55,False,97.2993437657742,659.67,True,100.0,674.21,292,SPY,2025-10-01,500000,0.0093813218998159,334297000.0,D
668.45,2025-10-01 16:10:00.003720502-04:00,660.67,above_market,False,55.91259640102795,663.69,False,82.90488431876572,666.06,False,89.58868894601478,667.55,False,99.1002570694081,659.67,True,100.0,674.21,293,SPY,2025-10-01,2132067,0.0091639240315227,1425180186.15,P
668.0,2025-10-02 13:07:44.590086239-04:00,662.93,above_market,False,82.64299802761367,663.68,False,88.75739644970326,663.59,True,100.0,665.61,True,100.0,655.18,True,100.0,676.42,294,SPY,2025-10-02,500000,0.0050704903480131,334000000.0,M
669.22,2025-10-02 16:00:00.243412627-04:00,662.93,above_market,False,66.61367249602549,663.68,False,71.54213036565889,663.59,False,86.48648648648629,665.61,False,86.64546899840984,655.18,True,100.0,676.42,295,SPY,2025-10-02,1737675,0.0069060981297865,1162886863.5,P
669.22,2025-10-02 16:10:00.003806492-04:00,662.93,above_market,False,66.61367249602549,663.68,False,71.54213036565889,663.59,False,86.48648648648629,665.61,False,86.64546899840984,655.18,True,100.0,676.42,296,SPY,2025-10-02,1737675,0.0069060981297865,1162886863.5,P
669.21,2025-10-03 16:00:00.222726006-04:00,663.69,above_market,False,59.057971014492786,666.06,False,71.55797101449176,667.55,False,84.96376811594124,647.62,False,84.96376811594124,658.9,True,100.0,677.69,297,SPY,2025-10-03,804872,0.0057258791704238,538628391.12,P
669.21,2025-10-03 16:10:00.000757671-04:00,663.69,above_market,False,59.057971014492786,666.06,False,71.55797101449176,667.55,False,84.96376811594124,647.62,False,84.96376811594124,658.9,True,100.0,677.69,298,SPY,2025-10-03,804872,0.0057258791704238,538628391.12,P
671.61,2025-10-06 16:00:00.163900704-04:00,663.68,above_market,False,47.28877679697314,663.59,False,59.142496847415096,665.61,False,59.2686002522069,657.56,False,59.2686002522069,665.75,True,100.0,669.66,299,SPY,2025-10-06,903697,0.0093479012308571,606931942.17,P
671.61,2025-10-06 16:10:00.000742452-04:00,663.68,above_market,False,47.28877679697314,663.59,False,59.142496847415096,665.61,False,59.2686002522069,657.56,False,59.2686002522069,665.75,True,100.0,669.66,300,SPY,2025-10-06,903697,0.0093479012308571,606931942.17,P
671.3511,2025-10-08 10:54:23.362876247-04:00,663.59,above_market,False,61.58920771540127,665.61,False,61.71805543028693,657.56,False,61.71805543028693,659.67,False,61.71805543028693,662.28,True,100.0,664.77,301,SPY,2025-10-08,490000,0.0090952953554787,328962039.0,M
672.6,2025-10-08 13:50:00.895054506-04:00,663.59,above_market,False,53.05216426193093,665.61,False,53.16315205327379,657.56,False,53.16315205327379,659.67,False,53.16315205327379,662.28,True,100.0,664.77,302,SPY,2025-10-08,620000,0.0109724936119045,417012000.0,M
673.11,2025-10-08 16:00:00.194798318-04:00,663.59,above_market,False,50.210084033613256,665.61,False,50.31512605041988,657.56,False,50.31512605041988,659.67,False,50.31512605041988,662.28,True,100.0,664.77,303,SPY,2025-10-08,2082662,0.0117390650834211,1401860618.82,P
673.11,2025-10-08 16:10:00.000754790-04:00,663.59,above_market,False,50.210084033613256,665.61,False,50.31512605041988,657.56,False,50.31512605041988,659.67,False,50.31512605041988,662.28,True,100.0,664.77,304,SPY,2025-10-08,2082662,0.0117390650834211,1401860618.82,P
664.08,2025-10-13 13:11:25.073721531-04:00,647.62,above_market,False,77.21749696233297,656.76,True,100.0,655.18,True,100.0,665.75,True,100.0,679.58,True,100.0,677.36,305,SPY,2025-10-13,1000000,0.0227787275331517,664080000.0,M
663.04,2025-10-13 16:00:00.204352922-04:00,647.62,above_market,False,82.42542153048035,656.76,True,100.0,655.18,True,100.0,665.75,True,100.0,679.58,True,100.0,677.36,306,SPY,2025-10-13,1077204,0.0211769779297386,714229340.16,P
663.04,2025-10-13 16:10:00.000780635-04:00,647.62,above_market,False,82.42542153048035,656.76,True,100.0,655.18,True,100.0,665.75,True,100.0,679.58,True,100.0,677.36,307,SPY,2025-10-13,1077204,0.0211769779297386,714229340.16,P
663.02,2025-10-14 12:35:28.544443479-04:00,657.56,above_market,True,100.0,659.67,True,100.0,658.9,True,100.0,665.74,True,100.0,681.38,True,100.0,677.73,308,SPY,2025-10-14,800000,0.0057186196435342,530416000.0,D
663.02,2025-10-14 13:37:45.893556746-04:00,657.56,above_market,True,100.0,659.67,True,100.0,658.9,True,100.0,665.74,True,100.0,681.38,True,100.0,677.73,309,SPY,2025-10-14,800000,0.0057186196435342,530416000.0,D
662.2196,2025-10-15 12:22:53.860497462-04:00,656.76,above_market,True,100.0,655.18,True,100.0,665.75,True,100.0,662.28,True,100.0,681.71,True,100.0,666.49,310,SPY,2025-10-15,1092642,0.0057249601336471,723568948.1832,D
665.17,2025-10-15 16:00:00.220183542-04:00,656.76,above_market,False,76.33769322235415,655.18,True,100.0,665.75,True,100.0,662.28,True,100.0,681.71,True,100.0,666.49,311,SPY,2025-10-15,944911,0.0102057863163488,628526449.87,P
665.17,2025-10-15 16:10:00.000764605-04:00,656.76,above_market,False,76.33769322235415,655.18,True,100.0,665.75,True,100.0,662.28,True,100.0,681.71,True,100.0,666.49,312,SPY,2025-10-15,944911,0.0102057863163488,628526449.87,P
672.54,2025-10-21 11:00:48.046395189-04:00,665.75,above_market,False,10.30927835051619,662.28,True,100.0,671.65,True,100.0,681.38,True,100.0,669.66,True,100.0,657.15,313,SPY,2025-10-21,500000,0.0075958470043596,336270000.0,M
672.38,2025-10-21 11:17:30.962361972-04:00,665.75,above_market,False,10.558069381599486,662.28,True,100.0,671.65,True,100.0,681.38,True,100.0,669.66,True,100.0,657.15,314,SPY,2025-10-21,600000,0.0073561358562931,403428000.0,D
671.29,2025-10-21 16:00:00.197969022-04:00,665.75,above_market,False,12.635379061372745,662.28,True,100.0,671.65,True,100.0,681.38,True,100.0,669.66,True,100.0,657.15,315,SPY,2025-10-21,773595,0.0057231036600894,519306587.55,P
671.29,2025-10-21 16:10:00.000763492-04:00,665.75,above_market,False,12.635379061372745,662.28,True,100.0,671.65,True,100.0,681.38,True,100.0,669.66,True,100.0,657.15,316,SPY,2025-10-21,773595,0.0057231036600894,519306587.55,P
671.29,2025-10-21 16:55:34.074980769-04:00,665.75,above_market,False,12.635379061372745,662.28,True,100.0,671.65,True,100.0,681.38,True,100.0,669.66,True,100.0,657.15,317,SPY,2025-10-21,500000,0.0057231036600894,335645000.0,D
672.4,2025-10-23 14:22:13.373084512-04:00,662.28,above_market,True,100.0,671.65,True,100.0,681.38,True,100.0,674.21,True,100.0,664.77,True,100.0,653.58,318,SPY,2025-10-23,500000,0.0126658534014066,336200000.0,M
672.48,2025-10-23 15:19:55.500728191-04:00,662.28,above_market,True,100.0,671.65,True,100.0,681.38,True,100.0,674.21,True,100.0,664.77,True,100.0,653.58,319,SPY,2025-10-23,750000,0.0127863371436316,504360000.0,M
672.48,2025-10-23 15:23:55.866782244-04:00,662.28,above_market,True,100.0,671.65,True,100.0,681.38,True,100.0,674.21,True,100.0,664.77,True,100.0,653.58,320,SPY,2025-10-23,500000,0.0127863371436316,336240000.0,M
671.76,2025-10-23 16:00:00.232664551-04:00,662.28,above_market,True,100.0,671.65,True,100.0,681.38,True,100.0,674.21,True,100.0,664.77,True,100.0,653.58,321,SPY,2025-10-23,1653029,0.0117019834636063,1110438761.04,P
671.6262,2025-10-23 16:07:34.654795407-04:00,662.28,above_market,True,100.0,671.65,True,100.0,681.38,True,100.0,674.21,True,100.0,664.77,True,100.0,653.58,322,SPY,2025-10-23,600000,0.011500474404735,402975720.0,D
671.76,2025-10-23 16:10:00.003633614-04:00,662.28,above_market,True,100.0,671.65,True,100.0,681.38,True,100.0,674.21,True,100.0,664.77,True,100.0,653.58,323,SPY,2025-10-23,1653029,0.0117019834636063,1110438761.04,P
684.33,2025-10-27 15:37:07.575125004-04:00,671.65,above_market,False,91.1671924290221,681.38,False,97.3974763406937,674.21,False,97.3974763406937,677.69,False,97.3974763406937,675.81,False,97.3974763406937,669.44,324,SPY,2025-10-27,500000,0.0162612492203511,342165000.0,D
685.24,2025-10-27 16:00:00.238011621-04:00,671.65,above_market,False,85.06254598969855,681.38,False,90.87564385577626,674.21,False,90.87564385577626,677.69,False,90.87564385577626,675.81,False,90.87564385577626,669.44,325,SPY,2025-10-27,1303163,0.0176126407080697,892979414.12,P
685.29,2025-10-27 16:06:46.804819944-04:00,671.65,above_market,False,84.75073313783042,681.38,False,90.54252199413514,674.21,False,90.54252199413514,677.69,False,90.54252199413514,675.81,False,90.54252199413514,669.44,326,SPY,2025-10-27,500000,0.0176868929876146,342645000.0,M
685.24,2025-10-27 16:10:00.000740545-04:00,671.65,above_market,False,85.06254598969855,681.38,False,90.87564385577626,674.21,False,90.87564385577626,677.69,False,90.87564385577626,675.81,False,90.87564385577626,669.44,327,SPY,2025-10-27,1303163,0.0176126407080697,892979414.12,P
685.2735,2025-10-27 16:18:42.406885108-04:00,671.65,above_market,False,84.85337835358042,681.38,False,90.65218189158432,674.21,False,90.65218189158432,677.69,False,90.65218189158432,675.81,False,90.65218189158432,669.44,328,SPY,2025-10-27,800000,0.0176623897353649,548218800.0,D
686.05,2025-10-28 11:17:31.178432539-04:00,679.58,above_market,False,68.31530139103583,681.71,False,68.31530139103583,676.42,False,68.31530139103583,669.66,False,68.31530139103583,677.36,False,68.31530139103583,674.06,329,SPY,2025-10-28,1040000,0.0069276268474893,713492000.0,M
688.14,2025-10-28 15:00:03.767439150-04:00,679.58,above_market,False,51.63551401869144,681.71,False,51.63551401869144,676.42,False,51.63551401869144,669.66,False,51.63551401869144,677.36,False,51.63551401869144,674.06,330,SPY,2025-10-28,1000000,0.0099951565320768,688140000.0,M
687.06,2025-10-28 16:00:00.195992605-04:00,679.58,above_market,False,59.09090909090929,681.71,False,59.09090909090929,676.42,False,59.09090909090929,669.66,False,59.09090909090929,677.36,False,59.09090909090929,674.06,331,SPY,2025-10-28,1026889,0.0084100215754478,705534356.3399999,P
687.06,2025-10-28 16:10:00.002318181-04:00,679.58,above_market,False,59.09090909090929,681.71,False,59.09090909090929,676.42,False,59.09090909090929,669.66,False,59.09090909090929,677.36,False,59.09090909090929,674.06,332,SPY,2025-10-28,1026889,0.0084100215754478,705534356.3399999,P
689.075,2025-10-29 11:09:30.665788579-04:00,681.38,above_market,False,-14.424951267056613,674.21,False,-14.424951267056613,677.69,False,-14.424951267056613,671.98,False,-14.424951267056613,677.73,False,-14.424951267056613,677.74,333,SPY,2025-10-29,872000,0.00868782387212,600873400.0,D
688.26,2025-10-29 11:47:31.599512798-04:00,681.38,above_market,False,-16.133720930232766,674.21,False,-16.133720930232766,677.69,False,-16.133720930232766,671.98,False,-16.133720930232766,677.73,False,-16.133720930232766,677.74,334,SPY,2025-10-29,1000000,0.0074948034077934,688260000.0,M
687.39,2025-10-29 16:00:00.236641195-04:00,681.38,above_market,False,-18.469217970050174,674.21,False,-18.469217970050174,677.69,False,-18.469217970050174,671.98,False,-18.469217970050174,677.73,False,-18.469217970050174,677.74,335,SPY,2025-10-29,970591,0.0062212723599847,667174547.49,P
687.39,2025-10-29 16:10:00.000770174-04:00,681.38,above_market,False,-18.469217970050174,674.21,False,-18.469217970050174,677.69,False,-18.469217970050174,671.98,False,-18.469217970050174,677.73,False,-18.469217970050174,677.74,336,SPY,2025-10-29,970591,0.0062212723599847,667174547.49,P
681.53,2025-10-31 12:14:34.679631318-04:00,674.21,above_market,False,80.87431693989086,677.69,False,80.87431693989086,671.98,False,80.87431693989086,665.43,False,80.87431693989086,666.38,False,80.87431693989086,675.9,337,SPY,2025-10-31,550000,0.008255048450329,374841500.0,M
684.39,2025-10-31 15:43:58.373667092-04:00,674.21,above_market,False,58.153241650294575,677.69,False,58.153241650294575,671.98,False,58.153241650294575,665.43,False,58.153241650294575,666.38,False,58.153241650294575,675.9,338,SPY,2025-10-31,550000,0.0124861306309637,376414500.0,M
683.835,2025-10-31 15:49:45.213588802-04:00,674.21,above_market,False,61.50649350649308,677.69,False,61.50649350649308,671.98,False,61.50649350649308,665.43,False,61.50649350649308,666.38,False,61.50649350649308,675.9,339,SPY,2025-10-31,500000,0.0116650639840224,341917500.0,M
682.06,2025-10-31 16:00:00.218470668-04:00,674.21,above_market,False,75.41401273885386,677.69,False,75.41401273885386,671.98,False,75.41401273885386,665.43,False,75.41401273885386,666.38,False,75.41401273885386,675.9,340,SPY,2025-10-31,2091368,0.0090391301131739,1426438458.08,P
681.8358,2025-10-31 16:08:32.604751734-04:00,674.21,above_market,False,77.63119934957679,677.69,False,77.63119934957679,671.98,False,77.63119934957679,665.43,False,77.63119934957679,666.38,False,77.63119934957679,675.9,341,SPY,2025-10-31,500000,0.0087074487757968,340917900.0,D
682.06,2025-10-31 16:10:00.002285202-04:00,674.21,above_market,False,75.41401273885386,677.69,False,75.41401273885386,671.98,False,75.41401273885386,665.43,False,75.41401273885386,666.38,False,75.41401273885386,675.9,342,SPY,2025-10-31,2091368,0.0090391301131739,1426438458.08,P
681.84,2025-10-31 16:19:31.709054687-04:00,674.21,above_market,False,77.58846657929178,677.69,False,77.58846657929178,671.98,False,77.58846657929178,665.43,False,77.58846657929178,666.38,False,77.58846657929178,675.9,343,SPY,2025-10-31,500000,0.0087136622531252,340920000.0,D
683.34,2025-11-03 16:00:00.201708338-05:00,676.42,above_market,False,-30.05780346820672,669.66,False,-17.19653179190648,664.77,False,1.7341040462428219,675.81,False,41.61849710982609,660.17,False,41.61849710982609,678.24,344,SPY,2025-11-03,943259,0.0076234572452336,644566605.0600001,P
683.34,2025-11-03 16:10:00.000780071-05:00,676.42,above_market,False,-30.05780346820672,669.66,False,-17.19653179190648,664.77,False,1.7341040462428219,675.81,False,41.61849710982609,660.17,False,41.61849710982609,678.24,345,SPY,2025-11-03,943259,0.0076234572452336,644566605.0600001,P
675.24,2025-11-04 16:00:00.258887443-05:00,677.69,below_market,True,100.0,671.98,True,100.0,665.43,True,100.0,677.36,True,100.0,654.63,True,100.0,678.73,346,SPY,2025-11-04,1744651,0.0061815612857648,1178058141.24,P
675.24,2025-11-04 16:10:00.000738596-05:00,677.69,below_market,True,100.0,671.98,True,100.0,665.43,True,100.0,677.36,True,100.0,654.63,True,100.0,678.73,347,SPY,2025-11-04,1744651,0.0061815612857648,1178058141.24,P
675.24,2025-11-04 16:59:07.265471212-05:00,677.69,below_market,True,100.0,671.98,True,100.0,665.43,True,100.0,677.36,True,100.0,654.63,True,100.0,678.73,348,SPY,2025-11-04,694258,0.0061815612857648,468790771.92,D
680.38,2025-11-05 14:37:52.158564439-05:00,669.66,above_market,False,19.776119402985067,664.77,False,64.17910447761173,675.81,False,89.925373134328,677.73,False,89.925373134328,657.15,True,100.0,680.02,349,SPY,2025-11-05,471500,0.013405225058834,320799170.0,M
677.58,2025-11-05 16:00:13.568288198-05:00,669.66,above_market,False,26.76767676767658,664.77,False,86.86868686868601,675.81,True,100.0,677.73,True,100.0,657.15,True,100.0,680.02,350,SPY,2025-11-05,1469712,0.0092347105960857,995847456.96,D
677.58,2025-11-05 16:10:00.000755450-05:00,669.66,above_market,False,26.76767676767658,664.77,False,86.86868686868601,675.81,True,100.0,677.73,True,100.0,657.15,True,100.0,680.02,351,SPY,2025-11-05,1406067,0.0092347105960857,952722877.86,P
670.31,2025-11-06 16:00:00.244860752-05:00,671.98,below_market,True,100.0,665.43,True,100.0,677.36,True,100.0,666.49,True,100.0,647.14,True,100.0,677.98,352,SPY,2025-11-06,1362096,0.0050466818067122,913026569.76,P
670.31,2025-11-06 16:10:00.000809055-05:00,671.98,below_market,True,100.0,665.43,True,100.0,677.36,True,100.0,666.49,True,100.0,647.14,True,100.0,677.98,353,SPY,2025-11-06,1362096,0.0050466818067122,913026569.76,P
670.97,2025-11-07 16:00:00.255432458-05:00,664.77,above_market,True,100.0,675.81,True,100.0,677.73,True,100.0,666.38,True,100.0,653.58,True,100.0,677.4,354,SPY,2025-11-07,1167275,0.0067368863281719,783206506.75,P
670.97,2025-11-07 16:10:00.000826958-05:00,664.77,above_market,True,100.0,675.81,True,100.0,677.73,True,100.0,666.38,True,100.0,653.58,True,100.0,677.4,355,SPY,2025-11-07,1167275,0.0067368863281719,783206506.75,P
681.44,2025-11-10 16:00:00.273266957-05:00,665.43,above_market,False,78.01374141161729,677.36,False,86.63335415365343,666.49,False,86.63335415365343,660.17,False,86.63335415365343,663.2,True,100.0,681.89,356,SPY,2025-11-10,1443181,0.0214347813052733,983441260.64,P
681.44,2025-11-10 16:10:00.000806003-05:00,665.43,above_market,False,78.01374141161729,677.36,False,86.63335415365343,666.49,False,86.63335415365343,660.17,False,86.63335415365343,663.2,True,100.0,681.89,357,SPY,2025-11-10,1443181,0.0214347813052733,983441260.64,P
681.44,2025-11-10 16:54:04.030344702-05:00,665.43,above_market,False,78.01374141161729,677.36,False,86.63335415365343,666.49,False,86.63335415365343,660.17,False,86.63335415365343,663.2,True,100.0,681.89,358,SPY,2025-11-10,453774,0.0214347813052733,309219754.56,D
683.01,2025-11-11 14:49:39.403638658-05:00,675.81,above_market,False,48.472222222222044,677.73,False,48.472222222222044,666.38,False,48.472222222222044,654.63,False,48.472222222222044,669.44,True,100.0,683.47,359,SPY,2025-11-11,700000,0.0080584458711534,478107000.0,M
683.175,2025-11-11 15:04:58.551896700-05:00,675.81,above_market,False,47.38628649015621,677.73,False,47.38628649015621,666.38,False,47.38628649015621,654.63,False,47.38628649015621,669.44,True,100.0,683.47,360,SPY,2025-11-11,1000000,0.0083019703342926,683175000.0,D
683.0,2025-11-11 16:00:00.234747840-05:00,675.81,above_market,False,48.53963838664788,677.73,False,48.53963838664788,666.38,False,48.53963838664788,654.63,False,48.53963838664788,669.44,True,100.0,683.47,361,SPY,2025-11-11,1618614,0.0080436868127814,1105513362.0,P
683.0,2025-11-11 16:10:00.000763641-05:00,675.81,above_market,False,48.53963838664788,677.73,False,48.53963838664788,666.38,False,48.53963838664788,654.63,False,48.53963838664788,669.44,True,100.0,683.47,362,SPY,2025-11-11,1618614,0.0080436868127814,1105513362.0,P
683.38,2025-11-12 16:00:00.195995638-05:00,677.36,above_market,False,-35.382059800664486,666.49,False,-35.382059800664486,660.17,False,-35.382059800664486,657.15,False,-21.42857142857089,674.06,True,100.0,676.13,363,SPY,2025-11-12,1387448,0.0063024591370931,948154214.24,P
683.38,2025-11-12 16:10:00.000870679-05:00,677.36,above_market,False,-35.382059800664486,666.49,False,-35.382059800664486,660.17,False,-35.382059800664486,657.15,False,-21.42857142857089,674.06,True,100.0,676.13,364,SPY,2025-11-12,1387448,0.0063024591370931,948154214.24,P
683.38,2025-11-12 16:19:08.540286994-05:00,677.36,above_market,False,-35.382059800664486,666.49,False,-35.382059800664486,660.17,False,-35.382059800664486,657.15,False,-21.42857142857089,674.06,True,100.0,676.13,365,SPY,2025-11-12,480000,0.0063024591370931,328022400.0,D
675.355,2025-11-13 12:19:02.678556194-05:00,677.73,below_market,True,100.0,666.38,True,100.0,654.63,True,100.0,647.14,True,100.0,677.74,True,100.0,675.1,366,SPY,2025-11-13,1300000,0.0060708188614823,877961500.0,D
672.785,2025-11-13 13:28:04.588435796-05:00,677.73,below_market,True,100.0,666.38,True,100.0,654.63,True,100.0,647.14,True,100.0,677.74,True,100.0,675.1,367,SPY,2025-11-13,600000,0.0098531229763937,403671000.0,M
672.455,2025-11-13 13:53:50.535527108-05:00,677.73,below_market,True,100.0,666.38,True,100.0,654.63,True,100.0,647.14,True,100.0,677.74,True,100.0,675.1,368,SPY,2025-11-13,500000,0.0103387884853122,336227500.0,M
672.04,2025-11-13 16:00:00.304813352-05:00,677.73,below_market,True,100.0,666.38,True,100.0,654.63,True,100.0,647.14,True,100.0,677.74,True,100.0,675.1,369,SPY,2025-11-13,1494963,0.010949549655619,1004674934.52,P
671.8502,2025-11-13 16:07:19.444446193-05:00,677.73,below_market,True,100.0,666.38,True,100.0,654.63,True,100.0,647.14,True,100.0,677.74,True,100.0,675.1,370,SPY,2025-11-13,636378,0.0112288809089304,427550686.5756,D
672.04,2025-11-13 16:10:00.003623880-05:00,677.73,below_market,True,100.0,666.38,True,100.0,654.63,True,100.0,647.14,True,100.0,677.74,True,100.0,675.1,371,SPY,2025-11-13,1494963,0.010949549655619,1004674934.52,P
672.04,2025-11-13 16:55:55.964050611-05:00,677.73,below_market,True,100.0,666.38,True,100.0,654.63,True,100.0,647.14,True,100.0,677.74,True,100.0,675.1,372,SPY,2025-11-13,744003,0.010949549655619,499999776.12,D
672.15,2025-11-14 10:59:54.105378139-05:00,666.49,above_market,False,29.15194346289729,660.17,False,29.15194346289729,657.15,False,61.66077738515951,653.58,True,100.0,674.65,True,100.0,673.26,373,SPY,2025-11-14,2400000,0.0059114037713258,1613160000.0,M
671.95,2025-11-14 11:01:07.291657559-05:00,666.49,above_market,False,30.2197802197796,660.17,False,30.2197802197796,657.15,False,63.91941391941366,653.58,True,100.0,674.65,True,100.0,673.26,374,SPY,2025-11-14,500000,0.0056120921879676,335975000.0,M
671.89,2025-11-14 11:13:45.073368623-05:00,666.49,above_market,False,30.555555555555262,660.17,False,30.555555555555262,657.15,False,64.62962962963007,653.58,True,100.0,674.65,True,100.0,673.26,375,SPY,2025-11-14,500000,0.0055222987129601,335945000.0,D
674.15,2025-11-14 14:50:16.288164905-05:00,666.49,above_market,False,21.540469973890133,660.17,False,21.540469973890133,657.15,False,45.56135770235017,653.58,True,100.0,674.65,True,100.0,673.26,376,SPY,2025-11-14,500000,0.0089045196049086,337075000.0,M
671.93,2025-11-14 16:00:00.265128732-05:00,666.49,above_market,False,30.330882352941085,660.17,False,30.330882352941085,657.15,False,64.15441176470674,653.58,True,100.0,674.65,True,100.0,673.26,377,SPY,2025-11-14,954774,0.0055821610296317,641541293.8199999,P
671.6394,2025-11-14 16:11:49.873977901-05:00,666.49,above_market,False,32.042568066181936,660.17,False,32.042568066181936,657.15,False,67.77488639453139,653.58,True,100.0,674.65,True,100.0,673.26,378,SPY,2025-11-14,1200000,0.0051472612990122,805967280.0,D
675.1134,2025-11-20 10:45:36.702730872-05:00,657.15,above_market,False,10.632730997472475,653.58,False,74.98580446908738,669.44,True,100.0,677.74,True,100.0,680.02,True,100.0,681.18,379,SPY,2025-11-20,562500,0.0246845260681489,379751287.5,D
653.145,2025-11-20 15:45:45.223845144-05:00,657.15,below_market,True,100.0,653.58,True,100.0,669.44,True,100.0,677.74,True,100.0,680.02,True,100.0,681.18,380,SPY,2025-11-20,545000,0.0086590270926615,355964025.0,D
652.53,2025-11-20 16:00:00.195329118-05:00,657.15,below_market,True,100.0,653.58,True,100.0,669.44,True,100.0,677.74,True,100.0,680.02,True,100.0,681.18,381,SPY,2025-11-20,1855742,0.0095924717310465,1210927327.26,P
652.4123,2025-11-20 16:05:56.091184636-05:00,657.15,below_market,True,100.0,653.58,True,100.0,669.44,True,100.0,677.74,True,100.0,680.02,True,100.0,681.18,382,SPY,2025-11-20,683562,0.0097711163390757,445964256.6126,D
652.53,2025-11-20 16:10:00.000781874-05:00,657.15,below_market,True,100.0,653.58,True,100.0,669.44,True,100.0,677.74,True,100.0,680.02,True,100.0,681.18,383,SPY,2025-11-20,1855742,0.0095924717310465,1210927327.26,P
652.4025,2025-11-20 16:20:20.895519582-05:00,657.15,below_market,True,100.0,653.58,True,100.0,669.44,True,100.0,677.74,True,100.0,680.02,True,100.0,681.18,384,SPY,2025-11-20,500000,0.0097859907414434,326201250.0,D
653.145,2025-11-20 16:25:05.361594616-05:00,657.15,below_market,True,100.0,653.58,True,100.0,669.44,True,100.0,677.74,True,100.0,680.02,True,100.0,681.18,385,SPY,2025-11-20,545000,0.0086590270926615,355964025.0,D
652.53,2025-11-20 16:56:37.046173958-05:00,657.15,below_market,True,100.0,653.58,True,100.0,669.44,True,100.0,677.74,True,100.0,680.02,True,100.0,681.18,386,SPY,2025-11-20,565686,0.0095924717310465,369127085.58,D
666.62,2025-11-24 10:44:37.202606860-05:00,653.58,above_market,True,100.0,669.44,True,100.0,677.74,True,100.0,675.9,True,100.0,677.4,True,100.0,686.7,387,SPY,2025-11-24,750000,0.017321104277626,499965000.0,M
668.73,2025-11-24 16:00:00.230102884-05:00,653.58,above_market,True,100.0,669.44,True,100.0,677.74,True,100.0,675.9,True,100.0,677.4,True,100.0,686.7,388,SPY,2025-11-24,1831275,0.0205411509759336,1224628530.75,P
668.73,2025-11-24 16:10:00.000770885-05:00,653.58,above_market,True,100.0,669.44,True,100.0,677.74,True,100.0,675.9,True,100.0,677.4,True,100.0,686.7,389,SPY,2025-11-24,1831275,0.0205411509759336,1224628530.75,P
669.0272,2025-11-24 16:15:41.278900666-05:00,653.58,above_market,True,100.0,669.44,True,100.0,677.74,True,100.0,675.9,True,100.0,677.4,True,100.0,686.7,390,SPY,2025-11-24,1425000,0.0209947044729653,953363760.0,D
674.04,2025-11-25 12:45:50.164411049-05:00,663.2,above_market,True,100.0,674.06,True,100.0,674.65,True,100.0,678.24,True,100.0,681.89,True,100.0,686.63,391,SPY,2025-11-25,550000,0.0137311816636838,370722000.0,M
675.02,2025-11-25 16:00:00.261561292-05:00,663.2,above_market,True,100.0,674.06,True,100.0,674.65,True,100.0,678.24,True,100.0,681.89,True,100.0,686.63,392,SPY,2025-11-25,938766,0.0152050653471898,633685825.3199999,P
675.02,2025-11-25 16:10:00.000752-05:00,663.2,above_market,True,100.0,674.06,True,100.0,674.65,True,100.0,678.24,True,100.0,681.89,True,100.0,686.63,393,SPY,2025-11-25,938766,0.0152050653471898,633685825.3199999,P
678.9,2025-11-26 10:39:04.232590792-05:00,669.44,above_market,False,90.69767441860462,677.74,False,92.28329809725133,675.9,True,100.0,678.73,True,100.0,683.47,True,100.0,684.18,394,SPY,2025-11-26,500000,0.0115172013051835,339450000.0,M
679.68,2025-11-26 16:00:00.253358650-05:00,669.44,above_market,False,83.78906250000014,677.74,False,85.25390624999993,675.9,True,100.0,678.73,True,100.0,683.47,True,100.0,684.18,395,SPY,2025-11-26,1100239,0.0126793509841023,747810443.52,P
680.055,2025-11-26 16:05:27.445710790-05:00,669.44,above_market,False,80.82901554404157,677.74,False,82.24211022138475,675.9,False,96.74988224211101,678.73,True,100.0,683.47,True,100.0,684.18,396,SPY,2025-11-26,500000,0.0132380767912749,340027500.0,M
679.68,2025-11-26 16:10:00.000782190-05:00,669.44,above_market,False,83.78906250000014,677.74,False,85.25390624999993,675.9,True,100.0,678.73,True,100.0,683.47,True,100.0,684.18,397,SPY,2025-11-26,1100239,0.0126793509841023,747810443.52,P
683.5256,2025-12-01 10:10:44.551860144-05:00,677.74,above_market,False,7.432245575220317,675.9,False,34.050055309734724,678.73,False,85.73008849557519,677.98,True,100.0,675.1,True,100.0,678.28,398,SPY,2025-12-01,1212400,0.0059391602525424,828706437.44,D
679.9117,2025-12-02 15:48:35.840741458-05:00,674.65,above_market,False,87.42421650797283,678.24,True,100.0,680.02,True,100.0,677.4,True,100.0,673.26,True,100.0,679.53,399,SPY,2025-12-02,589651,0.0052066115702479,400910613.8167,D
681.53,2025-12-02 16:00:00.252509806-05:00,674.65,above_market,False,66.86046511627944,678.24,True,100.0,680.02,True,100.0,677.4,True,100.0,673.26,True,100.0,679.53,400,SPY,2025-12-02,1063073,0.007599166161534,724516141.6899999,P
681.5791,2025-12-02 16:12:54.182097836-05:00,674.65,above_market,False,66.38668802586167,678.24,True,100.0,680.02,True,100.0,677.4,True,100.0,673.26,True,100.0,679.53,401,SPY,2025-12-02,1375000,0.0076717574180577,937171262.5,D
683.34,2025-12-03 12:54:41.422682427-05:00,675.9,above_market,False,51.20967741935526,678.73,False,91.39784946236584,677.98,False,99.19354838709599,681.89,True,100.0,665.85,True,100.0,684.05,402,SPY,2025-12-03,1350000,0.0084115459536037,922509000.0,D
683.89,2025-12-03 16:00:00.317002173-05:00,675.9,above_market,False,47.68460575719718,678.73,False,85.10638297872416,677.98,False,92.36545682102613,681.89,False,95.74468085106344,665.85,True,100.0,684.05,403,SPY,2025-12-03,1498077,0.0092231863526356,1024519879.53,P
683.89,2025-12-03 16:10:00.000728060-05:00,675.9,above_market,False,47.68460575719718,678.73,False,85.10638297872416,677.98,False,92.36545682102613,681.89,False,95.74468085106344,665.85,True,100.0,684.05,404,SPY,2025-12-03,1498077,0.0092231863526356,1024519879.53,P
683.6713,2025-12-04 10:31:30.563993519-05:00,678.24,above_market,False,82.11662033030886,680.02,False,82.11662033030886,677.4,False,97.76664886859463,683.47,False,97.76664886859463,670.88,True,100.0,688.12,405,SPY,2025-12-04,971500,0.0054137560846482,664186667.9499999,D
684.075,2025-12-04 12:17:24.919736575-05:00,678.24,above_market,False,76.4353041988005,680.02,False,76.4353041988005,677.4,False,91.0025706940859,683.47,False,91.0025706940859,670.88,True,100.0,688.12,406,SPY,2025-12-04,1000000,0.0060074412859013,684075000.0,M
685.34,2025-12-04 14:08:23.855262110-05:00,678.24,above_market,False,62.81690140845102,680.02,False,62.81690140845102,677.4,False,74.78873239436518,683.47,False,74.78873239436518,670.88,True,100.0,688.12,407,SPY,2025-12-04,625000,0.0078677627612171,428337500.0,D
683.47,2025-12-04 14:55:48.090175213-05:00,678.24,above_market,False,85.27724665392009,680.02,False,85.27724665392009,677.4,True,100.0,683.47,True,100.0,670.88,True,100.0,688.12,408,SPY,2025-12-04,450000,0.0051177223194459,307561500.0,M
683.775,2025-12-04 15:56:45.827497647-05:00,678.24,above_market,False,80.5781391147256,680.02,False,80.5781391147256,677.4,False,95.93495934959306,683.47,False,95.93495934959306,670.88,True,100.0,688.12,409,SPY,2025-12-04,500000,0.0055662583273282,341887500.0,M
684.39,2025-12-04 16:00:00.184012734-05:00,678.24,above_market,False,72.5203252032529,680.02,False,72.5203252032529,677.4,False,86.34146341463358,683.47,False,86.34146341463358,670.88,True,100.0,688.12,410,SPY,2025-12-04,738143,0.0064706833924027,505177687.77,P
684.4084,2025-12-04 16:12:22.306293760-05:00,678.24,above_market,False,72.30400103754656,680.02,False,72.30400103754656,677.4,False,86.083911549185,683.47,False,86.083911549185,670.88,True,100.0,688.12,411,SPY,2025-12-04,750000,0.0064977426138619,513306300.0,D
685.9775,2025-12-05 14:54:05.272042857-05:00,678.73,above_market,False,30.907209382546064,677.98,False,62.780269058295815,681.89,False,66.50569161779887,676.13,False,66.50569161779887,676.96,True,100.0,685.9,412,SPY,2025-12-05,600000,0.0080788561015752,411586500.0,M
685.69,2025-12-05 16:00:00.232991476-05:00,678.73,above_market,False,32.18390804597697,677.98,False,65.3735632183898,681.89,False,69.25287356321711,676.13,False,69.25287356321711,676.96,True,100.0,685.9,413,SPY,2025-12-05,1330557,0.0076563602163179,912349629.33,P
685.8429,2025-12-05 16:05:03.125018436-05:00,678.73,above_market,False,31.4920777741852,677.98,False,63.968282978812795,681.89,False,67.7642030676652,676.13,False,67.7642030676652,676.96,True,100.0,685.9,414,SPY,2025-12-05,729108,0.0078810545497295,500053545.1332,D
